2506 3898
188 197 251 262 sto
358 195 632 274 imtrannxvn.
656 193 794 256 curma
810 200 847 266 ta·
860 199 1007 268 nasos]
1046 201 1049 206 ’

189 351 274 416 ducti
287 349 399 413 Rhodii
413 355 493 412 sunt.
514 365 646 424 quorum
660 345 805 423 princeps
819 346 998 424 legationis,
1017 350 1180 426 expositis
1249 353 1250 412 l

189 435 283 500 initiis
299 434 448 498 amicitiae
468 448 537 494 cum
557 433 674 508 populo
688 433 828 496 Romano
842 432 1022 509 meritisque
1035 433 1180 496 Rhodio-

188 537 256 584 rum
269 519 401 594 Philippi
416 517 518 594 prins,
540 515 652 578 deinde
663 513 807 580 Antiochi
825 514 923 590 bello,
945 516 1060 592 „nihil“
1075 517 1181 593 inquit
1249 519 1250 574 l

188 603 299 682 „nobis
315 610 378 666 tcta
393 610 499 670 nostra
512 600 649 675 actione,
672 606 776 676 patres
792 601 974 676 conscripti,
993 615 1104 676 *neque
1119 602 1178 662 dii·
1249 653 1250 656 ,

189 687 299 752 ficitins
325 693 426 762 noque
449 684 610 761 molestius
630 691 692 758 est,
709 699 813 760 onam
833 685 919 759 quod
944 699 1013 746 cum
1036 685 1179 746 Eumene
1249 723 1250 742 t

189 771 279 836 nobis
295 769 476 845 disceptatio
491 776 554 843 est,
570 783 640 828 cum
655 784 719 845 quo
729 783 792 830 uno
803 767 936 830 mamma
947 784 1058 843 regum
1070 777 1105 830 et
1117 770 1179 845 pri·

189 856 282 918 vatim
297 855 442 930 singulis,
458 860 490 915 ct
504 853 590 928 quod
603 854 702 928 magis
716 869 774 915 nos
789 859 906 927 moret,
929 851 1094 928 publicum.
1104 851 1179 913 civi-

189 939 241 1004 tati
267 945 391 1002 nostrae
416 937 584 1014 hospitium
609 944 665 1000 est.
702 943 836 998 ceterum
861 953 924 998 non
948 937 1043 998 animi
1067 937 1179 1012 nostri,

177 1031 292 1102 ,patres
307 1021 490 1098 conscripti,
512 1037 585 1094 nos,
601 1021 657 1084 sed
671 1037 772 1084 rernm
786 1028 908 1094 natura,
931 1037 1011 1097 quae
1025 1023 1180 1098 potentis-

189 1108 268 1172 sima
282 1113 345 1180 est,
368 1105 530 1182 distringit,
551 1112 585 1168 ut
598 1120 657 1166 nos
671 1104 758 1166 liberi
773 1106 862 1166 etiam
879 1105 1008 1166 aliorum
1024 1104 1179 1168 libertatis

190 1208 316 1254 cansam
331 1207 474 1268 agamus,
496 1205 586 1265 reges
607 1205 698 1250 serva
719 1189 820 1250 omnia
841 1197 871 1250 et
892 1188 1032 1252 subiecta
1045 1189 1179 1266 imperio

191 1293 250 1338 suo
266 1290 338 1338 csse
351 1275 455 1336 velim.
491 1281 657 1350 utcumque
674 1281 774 1334 tamen
794 1289 845 1334 res
860 1289 933 1337 sese
947 1273 1055 1348 habet,
1077 1274 1179 1350 magis

190 1361 378 1422 verecundia
399 1365 505 1421 nostra
525 1359 676 1420 adversus
697 1372 800 1432 regem
824 1357 914 1418 nobis
940 1358 1057 1432 obstat,
1085 1374 1179 1433 quam

190 1447 259 1520 ipsa
280 1442 462 1518 disceptatio
481 1449 533 1504 aut
550 1441 640 1504 nobis
662 1440 808 1516 impedita
827 1449 890 1515 est,
917 1449 969 1504 ant
992 1441 1085 1502 vobis
1106 1457 1178 1517 per·

191 1531 315 1604 plexam
328 1526 578 1588 deliberationem
599 1525 775 1601 praebitura
794 1525 924 1588 videtur.
952 1541 1023 1586 nam
1035 1526 1069 1586 si
1091 1525 1178 1586 aliter

191 1613 277 1674 socio
301 1618 393 1685 atque
414 1609 512 1670 amico
534 1609 598 1685 regi
612 1616 643 1672 ct
661 1609 861 1670 benemerito
876 1609 1021 1685 bccipsc
1037 1609 1068 1670 in
1084 1609 1176 1683 bello,

191 1695 230 1756 dc
246 1695 332 1756 cuius
350 1693 492 1770 praemiis
506 1693 614 1768 agitur,
629 1692 730 1754 bonos
744 1693 851 1756 haberi
862 1694 964 1756 nudus
980 1701 1100 1768 posset,
1115 1691 1176 1752 nisi

191 1778 303 1840 liberas
318 1776 456 1843 civitates
472 1777 499 1838 ei
513 1777 544 1838 in
559 1777 735 1838 servitutem
756 1778 933 1850 traderetis,
955 1784 1041 1840 esset
1059 1777 1176 1838 dclibe

190 1861 268 1926 ratio
283 1877 415 1938 anceps,
431 1876 470 1922 ne
484 1869 537 1923 aut
551 1877 655 1937 regem
669 1861 800 1926 amicum
813 1860 1028 1924 inhonoratum
1044 1859 1174 1922 dimitte-

190 1946 275 2021 retis,
292 1955 345 2009 aut
359 1945 550 2008 decederetis
565 1944 702 2008 instituto
717 1953 821 2007 vestro
837 1946 1029 2022 gloriamque
1042 1944 1174 2022 Philippi

192 2031 273 2092 bello
291 2037 407 2105 proriam
428 2047 509 2090 nnnc
530 2029 676 2092 servitute
698 2037 743 2090 tot
763 2029 928 2092 civitatium
951 2028 1174 2092 deformarctis.

188 2115 248 2176 aed
264 2116 303 2174 ab
317 2115 376 2174 hac
391 2113 642 2174 necessitateaut
655 2113 821 2188 gratiaein
842 2114 972 2178 amicum
989 2113 1175 2176 minuendae
1249 2099 1250 2152 l

191 2205 244 2258 aut
257 2198 373 2272 gloriae
387 2204 509 2258 vestrae
524 2197 647 2272 egregie
661 2213 719 2258 vos
734 2198 855 2259 fortuna
867 2199 1008 2262 vindicat.
1032 2205 1082 2260 est
1095 2197 1175 2257 enim
1249 2227 1250 2232 κ

192 2281 284 2342 deum
299 2279 487 2354 benignitate
501 2297 562 2344 non
577 2281 715 2356 gloriosa
727 2283 825 2357 magis
838 2299 930 2358 quam
941 2282 1032 2344 dives
1046 2281 1177 2342 victoria
1249 2285 1250 2290 ’

191 2371 310 2432 vestrm
337 2379 417 2440 quae
441 2379 499 2426 vos
521 2366 610 2426 iaciie
630 2365 689 2428 islo
710 2367 795 2427 velut
814 2382 887 2427 aere
902 2364 1007 2429 miano
1023 2366 1176 2426 exsolvat

178 2465 261 2510 ‚nam
277 2456 307 2510 et
319 2447 478 2528 Lycaonia
497 2455 528 2509 et
540 2449 674 2528 Phrygia
693 2457 823 2527 utraque
844 2459 875 2512 et
886 2449 1003 2513 Pisidia
1023 2448 1125 2510 omnis
1147 2457 1177 2510 et

192 2533 421 2606 Chersonesus,
448 2549 591 2610 quaeque
614 2532 828 2596 circumiacent
840 2534 1000 2610 Europae,
1019 2533 1176 2612 inlvcstra

191 2624 264 2678 sunt
277 2624 444 2693 potestate;
467 2634 595 2694 quarum
610 2634 671 2678 una
687 2618 840 2694 quaelibet
853 2619 920 2694 regi
941 2618 1062 2681 adiecta
1076 2617 1174 2679 multi·

192 2701 305 2776 plicare
320 2715 448 2776 regnum
461 2701 605 2764 Eumenis
621 2709 738 2778 potest,
760 2718 867 2764 omncs
883 2719 957 2768 vero
973 2701 1064 2765 datae
1079 2703 1174 2763 maxi·

190 2784 248 2846 mis
271 2801 339 2846 eum
360 2786 487 2861 regibus
507 2802 651 2862 aequare.
684 2784 756 2848 licet
776 2802 850 2862 ergo
871 2787 961 2848 vobis
984 2793 1015 2850 ct
1028 2786 1174 2863 praemiis

189 2867 262 2928 belli
284 2869 380 2930 ditare
400 2867 520 2944 socios,
546 2875 657 2930 elnon
679 2869 830 2932 decedere
844 2869 981 2934 instituto
995 2877 1119 2945 vestro,
1146 2879 1174 2932 et

190 2950 383 3025 meminisse,
411 2967 503 3027 quem
522 2953 640 3014 titulum
659 2953 894 3030 praetenderitis
914 2954 1001 3034 prius
1021 2955 1173 3020 adversus

189 3035 372 3111 Philippum,
388 3052 469 3096 nunc
481 3037 632 3099 adversus
643 3037 829 3100 Antiochum
839 3038 927 3110 bclli;
952 3038 1172 3115 qnidieceritis

189 3115 331 3196 Philippo
347 3119 445 3189 victo;
467 3121 544 3197 ,quid
555 3138 636 3184 nune
647 3122 774 3195 avobis,
787 3137 849 3185 non
861 3122 960 3200 magis
971 3121 1045 3199 quia
1055 3123 1172 3186 lecistis

191 3221 284 3280 quam
299 3203 371 3281 quia
386 3205 417 3264 id
432 3220 489 3265 vos
505 3207 607 3269 iacere
621 3205 724 3280 decet,
747 3207 939 3270 desideretur
947 3215 1047 3284 atquc
1060 3223 1171 3284 exspe-

191 3295 296 3349 ctetur.
320 3290 378 3348 alia
398 3288 477 3349 enim
499 3289 566 3352 aliis
589 3296 619 3350 ct
637 3290 768 3352 honesta
787 3298 837 3354 est
849 3300 884 3352 et·
891 3290 1062 3368 probabilis
1079 3308 1172 3354 causa

190 3387 359 3432 armorum:
381 3371 423 3432 iili
437 3389 552 3449 agrum
568 3373 710 3449 bivicos,
726 3375 757 3437 hi
769 3375 894 3452 oppida,
909 3375 941 3436 hi
951 3381 1061 3452 portus
1074 3392 1171 3438 oram·

191 3467 253 3525 que
268 3456 400 3530 aliquam
416 3457 508 3518 maris
522 3466 555 3518 ut
568 3459 767 3533 possideant,
792 3476 851 3520 vos
872 3475 929 3520 nec
950 3459 1082 3542 cupistis
1097 3459 1171 3520 hacc
1249 3519 1250 3528 ,
