2482 3900
199 220 315 280 LIBER
329 219 433 280 XXXI.
457 221 539 284 cal).
556 229 598 284 16.
616 229 657 285 17.
674 229 716 284 18.
745 228 903 298 [amoti]
1006 222 1049 288 15

66 373 93 434 lii
108 389 149 436 ex
163 369 340 448 propinquo
356 371 491 433 ostendit
512 388 613 448 neque
634 379 714 434 terra
734 389 837 448 neque
859 373 934 435 mari
959 375 1042 436 adiu·

67 460 99 518 tis
113 455 220 522 sociis.

142 540 237 600 XVll.
259 537 404 616 Abydeni
425 537 524 616 prirno
540 540 699 602 tormentis
714 557 771 616 per
785 558 890 604 muros
911 541 1046 618 disposi-

65 627 98 686 tis
113 641 177 687 non
192 631 274 685 terra
291 623 384 686 modo
400 623 542 686 adeuntis
557 623 642 686 aditu
659 625 819 700 arcebant,
846 625 903 688 sed
923 625 1047 688 navium

65 725 188 786 quoque
204 706 365 770 stationem
380 707 521 770 intestam
535 707 617 770 hosti
632 709 794 772 faciehant
830 716 954 786 posteo,
977 725 1046 772 cnm

64 804 91 855 et
103 791 184 855 muri
199 808 272 868 pars
289 799 383 854 strata
395 791 495 854 ruinis
508 799 539 853 et
558 793 598 852 ad
619 791 794 855 interiorem
815 792 926 868 raptim
947 810 1045 870 oppo-

65 878 155 938 sitmn
168 891 290 939 murum
303 876 453 938 cuniculis
475 876 534 938 iam
550 886 731 952 perventum
748 885 847 950 esset,
872 879 991 953 legatos
1006 879 1047 940 ad

64 979 165 1038 regem
182 961 221 1020 dc
244 959 478 1022 condicionibus
500 961 668 1022 tradendae
688 961 773 1022 urbis
793 961 950 1023 miserunt.
991 979 1046 1038 pc-

65 1046 258 1108 ciscebantur
272 1052 387 1118 autem,
409 1054 444 1106 ut
463 1043 616 1106 Rhodiam
631 1045 857 1121 quadriremem
869 1060 938 1105 cum
952 1045 1047 1107 sociis

66 1129 229 1192 navalibus
242 1129 400 1204 Attalique
414 1129 601 1206 praesidium
616 1129 712 1192 emitti
725 1129 847 1203 liceret,
861 1137 955 1204 atque
968 1127 1047 1206 ipsis

65 1217 140 1276 urbe
163 1214 316 1275 excedere
341 1231 410 1274 cnm
436 1213 564 1288 singulis
590 1212 788 1274 vestimentis.
837 1211 949 1287 quibus
979 1227 1047 1272 cum

66 1299 222 1374 Philippus
239 1297 313 1358 nihil
327 1298 428 1374 pacati
450 1298 508 1358 nisi
530 1297 632 1358 omnin
652 1295 896 1372 permittentibus
917 1312 1046 1372 respon·

66 1384 176 1456 disset,
204 1383 283 1444 adeo
303 1381 477 1444 renuntiata
497 1381 574 1442 haec
595 1381 706 1456 legatio
729 1382 767 1442 ab
782 1379 992 1456 indignatione
1007 1379 1047 1440 si·

64 1469 123 1527 mul
139 1483 177 1526 ac
194 1466 412 1542 desperatione
426 1465 501 1527 iram
517 1465 666 1538 accendit
683 1473 716 1526 ut
729 1466 770 1526 ad
787 1463 987 1542 Saguntinam
1000 1480 1049 1524 ra-

63 1551 145 1612 biem
162 1549 249 1612 versi
261 1558 416 1613 matronas
432 1549 531 1612 omnis
546 1549 704 1626 intemplo
719 1548 850 1621 Dianae,
872 1565 988 1625 pueros
1003 1547 1048 1608 in-

62 1652 184 1712 genuos
204 1634 418 1712 virginesque,
446 1633 579 1696 infantes
601 1633 692 1696 etiarn
714 1650 783 1695 cum
798 1632 864 1696 suis
878 1631 1048 1694 nutricibus

62 1721 89 1782 in
104 1719 307 1798 gymnasium
318 1719 433 1782 includi
447 1718 596 1792 iuberent,
616 1735 725 1780 aurum
740 1727 770 1780 et
783 1725 942 1794 argentum
957 1716 987 1777 in
1003 1717 1045 1777 lo-

62 1823 133 1866 rum
147 1803 276 1880 deferri,
292 1812 409 1866 vestem
424 1802 592 1880 pretiosam
606 1801 638 1863 in
652 1802 741 1864 navis
756 1801 907 1864 Rhodiam
924 1800 1047 1879 Cyzice-

63 1906 213 1965 namque‚
230 1887 355 1965 quaein
370 1897 463 1965 portu
477 1895 577 1962 erent,
593 1885 686 1962 coici,
702 1886 881 1948 sacerdotes
895 1885 1049 1948 victimas-

63 1991 123 2051 que
141 1973 267 2047 adduci,
284 1982 314 2038 et
327 1972 435 2035 altaria
449 1972 481 2033 in
494 1971 596 2034 medio
612 1971 695 2050 pont
726 1969 769 2032 ibi
784 1969 895 2032 delecti
909 1969 1049 2045 primurn,

63 2059 130 2135 qui,
154 2057 211 2118 uhi
226 2074 349 2120 caesam
364 2056 463 2120 aciem
477 2073 606 2120 suorum
619 2071 676 2132 pro
692 2054 800 2124 diruto¹
809 2070 896 2116 muro
911 2068 1049 2129 pugnan-

61 2153 119 2204 tem
136 2141 301 2218 vidissent,
316 2144 470 2218 extemplo
487 2141 635 2216 coniuges
647 2139 825 2216 liberosque
835 2137 1051 2209 interficerent,

60 2245 173 2289 aurum
188 2234 347 2302 argentum
361 2234 556 2303 vestemque,
584 2242 663 2302 quae
684 2224 716 2286 in
736 2223 868 2289 navibus
889 2229 989 2294 esset,
1018 2218 1050 2280 in

61 2329 146 2372 mare
163 2311 331 2387 deicerent,
345 2311 436 2372 tectis
450 2309 582 2387 publicis
597 2309 790 2386 privatisque
805 2323 897 2385 quarn
911 2302 1052 2383 plurimis

61 2397 139 2458 locis
156 2405 293 2472 possent
307 2395 395 2472 ignes
410 2395 586 2456 subicerent
644 2395 676 2455 id
696 2411 731 2456 se
753 2391 873 2455 lacinus
894 2397 1051 2467 perpetra-

62 2490 150 2542 turos
168 2480 392 2556 praeeuntibus
413 2479 605 2541 exsecrabile
626 2495 749 2539 carmen
771 2473 984 2538 sacerdotibus
1006 2472 1051 2532 iu-

60 2565 233 2628 reiurando
248 2563 358 2626 adacti.
390 2573 454 2625 tum
468 2562 607 2624 militaris
622 2570 708 2622 aetas
722 2560 824 2623 iurare
838 2556 992 2619 neminem
1008 2554 1052 2614 ui-

62 2669 134 2711 vnm
159 2647 223 2710 nisi
236 2647 385 2712 victorem
405 2647 472 2710 acie
487 2663 699 2708 excessurum.
745 2643 777 2704 hi
798 2655 954 2704 memores
979 2637 1055 2700 deo·

60 2752 131 2796 rum
147 2734 231 2795 adeo
246 2731 443 2810 pertinaciter
457 2738 680 2808 pugnaverunt,
695 2736 729 2790 ut
740 2743 810 2788 cum
824 2722 975 2802 proelium
989 2738 1053 2786 non

61 2819 257 2893 diremptura
271 2826 369 2892 esset,
391 2833 447 2878 rex
461 2815 561 2895 prior,
575 2812 698 2876 territus
712 2811 798 2874 rabie
812 2825 933 2882 eorum,
949 2825 1053 2885 pugna

60 2901 229 2966 abstiterit.
260 2900 428 2978 principes,
445 2900 558 2977 quibus
573 2897 706 2962 anocior
720 2913 795 2973 pars
809 2892 956 2957 iocinoris
971 2892 1052 2954 dele-

60 2996 136 3062 gata
151 2995 227 3060 erat,
244 3002 314 3054 curn
329 3002 449 3063 paucos
465 2993 495 3046 et
510 2985 670 3046 conlectos
686 2980 864 3042 vulneribus
879 2995 916 3040 ac
931 2975 1053 3040 lassitu-

62 3070 139 3132 dine
156 3086 327 3146 superesse
342 3069 461 3147 proelio
477 3075 654 3141 cernerent,
675 3069 745 3128 luce
760 3063 859 3142 prima
873 3061 1055 3125 sacerdotes

63 3171 139 3216 canu
154 3153 261 3218 infulis
275 3157 315 3217 ad
330 3156 437 3217 urbem
451 3153 625 3216 dedendam
639 3149 780 3227 Philippo
795 3148 924 3210 mibunt.

147 3239 258 3300 XVlll.
279 3243 360 3301 Ante
381 3237 569 3300 deditionem
594 3253 634 3297 ex
657 3235 696 3296 iis
717 3234 825 3310 legatis
847 3229 899 3307 qui
921 3229 1053 3324 Alexan·

61 3326 177 3386 dream
190 3323 279 3385 missi
294 3331 395 3396 erant,
416 3321 456 3381 Μ.
472 3320 621 3383 Aemilius
637 3318 726 3381 trium
742 3317 898 3380 consensu
911 3309 1056 3408 minimus

63 3417 145 3470 natu
158 3407 263 3470 audita
284 3406 447 3470 obsidione
466 3405 690 3484 Abydenomm
710 3403 750 3464 ad
769 3397 942 3473 Philippum
963 3400 1052 3454 venat

64 3491 122 3570 qui
140 3501 271 3568 questus
287 3491 388 3552 Attalo
403 3487 596 3564 Rhodiisque
610 3503 695 3554 arma
709 3487 806 3558 illata,
833 3489 864 3542 et
888 3478 974 3555 quod
993 3485 1055 3540 tmn
