2506 3898
227 189 342 250 LIBER
356 189 502 250 XXXVII.
526 191 608 252 cAP.
624 201 667 254 20.
682 201 725 254 21.
749 199 785 266 [a.
801 199 834 252 0.
852 201 912 266 190]
1007 193 1070 257 279

90 341 183 405 etiarn
204 341 311 415 territi,
333 355 402 401 cum
421 339 543 402 vincula
560 342 770 418 abrupissent,
793 345 1025 421 trepidationem
1040 359 1070 408 et

89 426 251 487 tumultum
279 422 359 483 inter
381 439 456 484 suos
481 425 628 486 iecerunt.
662 428 754 501 pauci
779 429 901 494 stabant
923 428 1069 506 impavidi

90 507 182 586 equi=
209 523 265 567 eos
285 508 374 582 ipsos
394 523 456 568 non
476 513 628 582 sternere,
649 525 711 570 non
731 510 883 570 infrenare
897 520 949 573 aut
962 528 1068 574 escen·

90 593 169 653 dere
188 589 278 650 facile
295 596 450 665 poterant,
471 592 565 651 multo
586 591 730 652 maiorem
754 610 844 670 quarn
865 611 922 669 pro
942 612 1068 658 numero

89 673 229 750 equitum
244 680 391 733 terrorem
404 673 538 734 Achaeis
552 673 760 736 inserentibus.
795 677 916 752 pedites
930 695 1004 740 vero
1021 695 1069 740 or-

90 757 190 818 dinati
210 764 242 818 et
260 758 434 832 praeparati
458 772 587 833 sparsos
606 773 663 833 per
687 760 907 836 neglegentiam
927 771 958 823 et
979 763 1068 824 semi-

90 857 221 902 somnos
242 855 340 915 prope
361 839 459 902 adorti
479 848 559 901 sunt.
587 843 699 902 caedes
720 843 993 921 passim-lugaque
1013 862 1070 922 per

89 940 221 999 campos
237 925 318 984 lacle
332 931 388 984 est.
407 921 584 998 Diophanes
596 933 720 986 secutus
732 925 849 987 effusos
860 929 963 1002 quoad
974 936 1070 990 tulum

90 1008 166 1083 luit,
188 1022 298 1083 magno
321 1007 433 1067 decore
451 1005 533 1082 genti
548 1008 741 1068 Achaeorum
755 1016 843 1083 parto
858 1043 896 1054 -·-
909 1020 1068 1086 spectave

89 1099 162 1176 rant
176 1092 255 1150 enim
271 1106 288 1152 e
302 1091 461 1151 moenibus
472 1090 610 1164 Pergami
624 1107 685 1150 non
700 1089 756 1150 viri
768 1093 860 1154 modo
873 1094 930 1152 sed
940 1095 1069 1154 feminae

90 1176 185 1236 etiam
199 1175 278 1234 —in
293 1173 482 1249 praesidium
498 1174 582 1234 urhis
597 1174 684 1234 redit
716 1173 793 1234 XXI.
816 1183 942 1250 postero
958 1176 1007 1236 die
1021 1193 1068 1236 re-

90 1259 163 1332 giae
183 1257 280 1332 magis
301 1257 491 1332 compositae
512 1265 542 1319 et
556 1257 713 1318 ordinatae
734 1258 880 1319 stationes
896 1260 1068 1335 quingentis

91 1340 240 1416 passibus
264 1339 385 1414 longius
406 1340 445 1400 ab
467 1341 543 1402 urbe
564 1348 734 1415 posuerunt
754 1349 872 1409 castum
904 1348 934 1402 ct
952 1342 1068 1402 Achaei

90 1425 205 1484 eodem
225 1424 320 1483 ferme
338 1430 474 1498 tempore
495 1431 586 1498 atque
600 1425 630 1483 in
646 1425 777 1486 eundem
792 1426 893 1485 locum
907 1441 1069 1500 processe·

89 1513 173 1568 runt.
203 1522 258 1582 per
278 1507 388 1566 multas
409 1505 501 1566 horas
521 1507 626 1568 intenti
647 1509 799 1583 utrimque
820 1511 901 1569 velut
917 1509 977 1570 iam
991 1509 1069 1570 lutu-

90 1607 161 1652 rum
189 1590 334 1664 impetum
359 1596 627 1662 exspectaverant:
663 1598 826 1666 postquam
855 1591 938 1652 haud
962 1593 1070 1667 procul

90 1689 211 1735 occasu
231 1673 306 1734 solis
320 1671 469 1732 redeundi
484 1671 513 1731 in
529 1679 630 1733 castra
643 1681 764 1749 tempus
779 1681 859 1748 erat,
880 1673 958 1749 regii
972 1676 1069 1750 signis

90 1757 213 1819 collatis
228 1754 312 1816 abire
326 1755 446 1831 agmine
460 1755 500 1814 ad
514 1755 570 1815 iter
580 1757 678 1830 magis
691 1773 782 1832 quam
793 1758 834 1817 ed
843 1773 977 1832 pugnam
987 1774 1067 1820 com-

91 1841 197 1917 posito
223 1854 364 1915 coepere.
400 1838 514 1914 quievit
533 1837 724 1914 Diophanes,
753 1840 825 1899 dum
849 1841 879 1900 in
901 1848 1070 1916 conspectu

89 1931 195 1985 etanta
215 1921 327 1983 deinde
341 1921 451 1984 eodem
464 1937 527 1996 quo
542 1920 640 1996 pridie
651 1921 764 1998 impetu
775 1921 806 1981 in
818 1930 1006 1997 postremum
1018 1939 1069 1998 ag·

90 2023 163 2068 men
185 2006 324 2078 incurrit,
343 2012 521 2080 tantumque
541 2021 650 2065 rursus
670 2003 796 2082 pavoris
816 2021 853 2064 ac
867 2007 1011 2066 tumultus
1025 2006 1071 2065 in-

91 2091 206 2162 cussit,
226 2096 260 2149 ut
279 2103 348 2149 cum
361 2095 447 2162 terga
462 2089 676 2162 caederentur,
698 2104 787 2148 nemo
802 2088 959 2163 pugnandi
974 2105 1069 2150 causa

91 2173 251 2243 restiterim
273 2171 524 2246 trepidantesque
539 2179 570 2232 et
582 2171 634 2232 vix
649 2170 787 2234 ordinem
802 2170 931 2246 agminis
945 2187 1068 2232 servan·

91 2267 139 2319 les
153 2255 187 2317 in
202 2261 302 2316 castra
316 2255 466 2330 compulsi
478 2261 557 2316 sunt.
578 2253 655 2315 haec
667 2255 862 2317 Achaeorum
876 2256 1004 2318 audacia
1015 2253 1066 2316 Se·

92 2343 216 2402 leucum
231 2353 270 2400 ex
284 2353 358 2412 agro
372 2336 558 2412 Pergameno
573 2353 697 2398 movere
713 2345 814 2400 castra
829 2339 937 2413 coegit.

177 2421 349 2483 Antiochus
374 2428 540 2496 postquam
561 2421 717 2480 Romanos
742 2421 780 2480 ad
805 2421 953 2480 tuendum
972 2420 1072 2480 Adra-

91 2512 243 2584 mytteum
256 2505 380 2566 venisse
393 2503 518 2576 audivit,
533 2517 570 2562 ea
585 2503 708 2578 quidem
719 2502 795 2561 urhe
805 2502 958 2572 abstinuit,
974 2503 1069 2575 depo-

91 2591 218 2664 pulatus
243 2603 344 2662 agros.
381 2587 527 2647 Peraeam
553 2585 625 2646 inde
645 2583 798 2646 coloniam
816 2585 1070 2662 Mitylenaeorum

92 2671 293 2747 expugnavit.
315 2669 424 2734 Cotton
438 2676 469 2730 et
483 2669 652 2745 Corylenus
667 2675 698 2728 et
710 2665 915 2742 Aphrodisias
931 2672 962 2726 et
975 2666 1070 2726 Crene

92 2756 193 2831 primo
210 2755 325 2829 impetu
340 2764 448 2830 captae
464 2759 544 2814 sunt.
564 2752 637 2812 inde
651 2767 707 2827 per
717 2749 891 2828 Thyatiram
904 2749 1009 2810 Sardis
1024 2763 1070 2808 re-

91 2838 158 2900 diit.
195 2837 345 2900 Seleucus
366 2838 396 2897 in
417 2853 472 2898 ora
495 2834 644 2896 maritima
667 2849 850 2910 permanens
876 2833 943 2894 aliis
964 2833 1070 2894 terrori

92 2929 161 2982 erat
180 2921 247 2982 aliis
268 2919 434 2996 praesidio.
469 2919 580 2980 classis
596 2919 737 2978 Romana
756 2933 826 2980 cum
839 2917 975 2978 Eumene
989 2917 1059 2979 Rho

92 3003 217 3080 diisque
229 3004 395 3082 Mitylenen
411 3003 523 3078 primo,
544 3002 615 3062 inde
628 3009 724 3076 retro,
746 3001 830 3063 unde
844 3002 984 3076 prolecta
998 3010 1072 3072 erat,

93 3087 219 3148 Elaeam
238 3088 325 3148 redit
358 3087 430 3148 inde
444 3085 614 3148 Phocaeam
628 3091 766 3160 petentes
781 3085 821 3144 ad
835 3084 965 3146 insulam
981 3101 1071 3160 quam

93 3169 261 3231 Bacchium
285 3176 455 3231 vocant-
468 3169 601 3230 imminet
622 3168 691 3230 urbi
710 3167 1070 3240 Phocaeensium—ap·

95 3253 252 3328 pulerunt,
275 3261 306 3314 et
325 3253 436 3328 quibus
460 3259 529 3312 ante
549 3251 758 3312 abstinuerant
776 3250 898 3325 templis
914 3249 1072 3325 signisque

94 3369 137 3384 -
148 3334 271 3412 egregie
293 3343 395 3399 autem
419 3341 567 3396 exornata
586 3334 687 3397 insula
706 3341 772 3395 erat
787 3348 906 3394 -cum
925 3331 1074 3393 hostiliter

95 3419 303 3496 diripuissent,
319 3417 471 3494 adipeam
486 3419 593 3480 urbem
606 3418 850 3478 transmiserunt
882 3431 950 3477 eam
965 3415 1072 3478 divisis
