2482 3902
247 235 363 298 LIBER
373 235 507 296 XXXIV.
529 235 725 298 CAP.et..as.
748 241 784 309 [ι.
797 241 831 295 0.
845 242 906 310 195]
1005 237 1068 304 145

80 391 124 454 lle
137 404 190 453 res
207 387 354 452 Graeciae
370 388 571 463 constituetis,
589 395 623 450 ut
636 388 675 450 cb
691 389 849 452 latrocinio
867 409 993 471 quoque
1008 399 1069 458 Ae·

78 475 217 540 totorum
231 471 306 536 sutis
321 479 432 547 necate
445 471 522 535 haee
536 471 748 548 remoueesr‘
768 473 937 552 Romanus,
948 482 1068 543 cunetis

78 557 221 632 undique
233 554 463 630 increpantibus
475 556 616 630 Aetolos,
631 573 856 633 responsurmn
869 575 906 622 se
920 561 1018 624 luisse
1030 564 1069 624 ils

79 641 176 714 diruit,
197 639 257 706 nisi
274 639 319 704 ita
338 639 478 706 mtensos
496 641 600 702 temnis
620 640 651 700 in
666 657 721 704 ecs
736 642 869 717 videret,
891 651 926 706 ut
939 646 1071 708 sedendi

79 724 189 801 petius
205 738 297 800 quem
312 723 450 792 irritentli
465 731 579 785 essent.
616 731 790 788 contentum
804 726 909 802 itaque
922 730 1070 806 opinione

78 825 135 883 eu,
158 823 241 882 quae
262 806 461 874 deitomenis
475 807 657 885 Aetolisque
677 816 776 885 esset,
796 813 912 872 reterre
933 829 968 874 se
983 814 1069 888 dixit,

81 891 161 968 quid
186 892 225 953 de
249 890 380 953 Nabidis»
399 891 480 958 betto
503 893 655 966 eluceret,
681 893 741 954 nisi
765 895 908 957 redderet
932 897 1068 960 Achaeis

78 980 198 1052 Argos.
222 989 410 1042 eunomnes
424 975 539 1044 bellum
554 975 742 1050 decressent,
759 979 873 1039 auxilie
883 986 918 1040 ut
928 997 985 1057 pro
997 981 1069 1044 viri-

79 1062 142 1124 bus
160 1058 225 1122 suis
241 1074 383 1135 quaeque
398 1059 536 1126 civitates
546 1059 703 1123 mitterent
716 1067 766 1122 est
778 1060 927 1124 hortatus.
953 1065 994 1126 ad
1007 1067 1068 1126 Ae·

80 1145 166 1206 telos
186 1145 320 1219 tegetum
342 1143 433 1205 etiam
452 1142 548 1215 rm‘sit,
569 1145 668 1218 magis
686 1151 721 1206 ut
735 1145 867 1206 nudaret
881 1146 1016 1221 animes,
1036 1149 1069 1210 id

80 1229 172 1304 quod
192 1227 311 1301 evenit,
333 1243 425 1304 quum
445 1241 504 1302 spe
522 1227 677 1303 impetrari
691 1243 797 1304 posse.
825 1227 918 1292 XXV.
939 1223 1069 1292 tribunis

80 1313 226 1387 militurn,
252 1311 473 1378 mexercitum
494 1311 533 1372 eb
552 1311 650 1376 Elatia
670 1320 877 1388 arcesserent,
898 1313 1068 1390 imperavit

83 1411 145 1473 per
158 1395 288 1460 eosdem
302 1394 370 1459 dies
386 1403 418 1459 et
431 1394 576 1462 Antiochi
590 1397 715 1472 legetis,
736 1396 776 1458 dc
790 1397 939 1461 societate
953 1399 1068 1474 agenti-

80 1482 153 1557 bns,
161 1479 409 1556 responditnihil
417 1496 455 1541 se
468 1479 648 1545 absentibus
659 1480 767 1544 decem
774 1477 886 1557 legatis
898 1484 1069 1544 sententiae

80 1565 217 1630 haberer
239 1565 367 1628 Romam
384 1565 518 1634 eundum
533 1564 573 1626 ud
586 1571 727 1646 senatum
741 1565 780 1631 iis
791 1581 877 1626 resse.

169 1651 242 1724 Ipse
257 1647 365 1725 copies
376 1650 529 1714 adductus
543 1648 583 1708 ab
596 1647 695 1712 illatio
709 1651 823 1712 ducere
834 1651 937 1726 Argos
952 1654 1067 1727 pergin

82 1742 178 1809 etque
192 1732 221 1794 ei
236 1734 318 1798 circu
333 1733 462 1801 Cleonae
473 1731 655 1796 Aristaenus
670 1741 794 1810 practer
808 1750 876 1798 eum
890 1735 998 1796 decem
1013 1736 1067 1796 mi-

80 1819 166 1881 libus
176 1817 380 1888 Achaeorum,
396 1815 551 1892 equitibus
565 1817 647 1880 mille
662 1819 802 1894 occurrit,
817 1827 848 1879 et
861 1819 944 1880 houd
959 1821 1067 1900 procul

84 1902 159 1966 inde
173 1901 285 1966 iunctis
299 1905 484 1970 exercitibus
499 1911 671 1980 posuerunt
685 1912 796 1966 cestra.
830 1916 956 1981 postero
972 1905 1022 1968 die
1037 1909 1067 1968 in

84 2001 227 2062 campum
237 1988 421 2063 Argivorum
433 1987 669 2064 descenderunt
684 1995 716 2050 et
727 1995 869 2065 quattuor
880 1991 975 2052 ferme
985 1991 1069 2052 milia

85 2071 124 2134 ub
139 2071 233 2146 Argis
247 2073 349 2138 locun
364 2071 474 2134 caruis
485 2072 623 2148 ueniunt
648 2075 823 2150 praefectus
839 2074 996 2150 praesidio
1009 2074 1067 2136 Lo-

84 2169 198 2219 conum
211 2162 277 2218 eret
286 2155 487 2236 Pythagoras,
502 2171 597 2230 gener
610 2157 692 2226 idem
703 2157 829 2235 tyranni
841 2165 871 2222 et
881 2158 988 2223 uxoris
999 2160 1067 2218 eius

85 2243 194 2310 haten
218 2239 277 2315 ,qui
294 2240 353 2306 sub
368 2239 533 2308 adventurn
544 2241 755 2308 Romanorum
770 2249 801 2302 et
814 2249 963 2317 utrasque
977 2257 1067 2304 erces

83 2351 126 2364 ·-
138 2338 209 2386 nom
223 2323 302 2387 euos
316 2323 430 2392 babent
443 2325 519 2401 Argi
529 2357 571 2368 —
582 2334 612 2386 et
626 2329 694 2388 locu
708 2328 775 2401 ullu,
792 2343 872 2402 quoe
887 2333 940 2388 eut
954 2342 1066 2403 oppor-

83 2413 158 2468 tuna
178 2414 233 2474 eut
249 2415 397 2482 suspecta
411 2417 518 2484 terent,
536 2410 646 2471 validis
667 2406 829 2486 preesidiis
843 2411 989 2472 firmavit=
1009 2409 1068 2470 sed

83 2491 163 2554 inter
173 2491 298 2568 *agendo
308 2491 385 2554 hoec
397 2509 545 2568 pavorem
556 2493 700 2563 iniectum
711 2493 847 2556 adventu
857 2495 1066 2554 Romanorum

84 2575 279 2642 dissimulare
293 2576 534 2654 haudquaquam
547 2583 681 2653 peterem
705 2585 736 2638 et
749 2576 791 2636 ed
801 2583 959 2638 externum
972 2583 1067 2636 terro-

83 2676 148 2722 rem
162 2661 307 2722 intestina
321 2660 412 2726 etium
426 2662 537 2724 seditio
546 2661 694 2728 occessit
718 2660 883 2731 Damocles
897 2667 964 2720 erut
977 2657 1066 2733 Argi-

82 2759 152 2815 vus,
172 2743 359 2808 adolescens
375 2746 499 2809 mitioris
514 2746 606 2809 enimi
621 2761 713 2822 quern
725 2741 866 2813 -eonsilii;
890 2745 942 2820 qui
957 2744 1065 2820 primo,

82 2828 281 2892 iureiurando
294 2829 476 2905 interposito
493 2830 532 2892 de
548 2829 703 2906 praesidio
719 2827 987 2904 expellendorum
1000 2827 1066 2892 ido-

81 2913 151 2975 neis
166 2914 346 2988 collocutus,
361 2915 436 2976 *dum
447 2915 528 2974 vires
544 2915 667 2976 adicere
682 2912 883 2978 coniurationi
895 2913 1005 2988 studet
1021 2911 1066 2975 in·

82 2997 202 3062 cautior
217 2997 290 3064 tidei
305 2999 480 3082 aestimetur
493 2999 557 3062 luit.
590 2999 816 3076 colloquentem
831 3012 902 3060 eum
916 3014 986 3060 cnm
1001 2997 1066 3058 suis

83 3081 209 3144 satelles
225 3097 244 3142 a
258 3083 415 3159 praefecto
430 3083 543 3144 missus
559 3098 629 3144 cum
643 3088 830 3156 arcesseret,
850 3082 949 3146 sensit
961 3081 1065 3158 prodi-

82 3173 146 3228 tum
161 3166 329 3231 *consilium
350 3182 436 3238 esse,
457 3167 659 3243 hortatusque
673 3167 848 3230 coniuratos
864 3167 916 3242 qui
931 3166 1066 3237 aderent

82 3257 117 3310 ut
130 3247 234 3327 poe'us
251 3266 349 3327 -quom
369 3252 479 3314 extorti
493 3258 682 3316 mererentur
694 3267 778 3314 enno
792 3266 898 3314 secum
912 3255 1067 3324 cuperent.

83 3341 178 3412 etque
192 3335 235 3394 ita
249 3350 320 3397 cum
334 3333 443 3410 paucis
458 3336 488 3396 in
504 3335 603 3398 iorum
617 3336 718 3412 pergit
731 3337 775 3398 ire
787 3334 953 3407 clamitans,
968 3329 1067 3407 utqui

85 3419 202 3481 solvere
216 3433 280 3481 rem
295 3418 449 3494 publicem
463 3421 584 3494 vellent,
600 3424 757 3482 auctorem
769 3425 799 3478 et
808 3417 919 3479 ducem
931 3431 966 3476 se
976 3415 1065 3477 liber-

89 3503 154 3564 tatis
170 3510 385 3580 sequerentur.
407 3503 490 3567 hcud
505 3519 581 3564 sune
591 3503 685 3564 movit
701 3516 895 3579 quemquam,
911 3498 1067 3579 quianihil

127 3605 156 3646 r.
171 3603 234 3646 ervi
249 3603 326 3647 enus
340 3587 392 3647 lv.
827 3593 862 3645 1⁰
