2482 3900
180 186 223 250 40
372 185 486 246 LIBER
497 183 601 246 XXXI.
624 182 762 244 Ostia.
786 188 822 256 [a.
835 185 869 239 U.
882 203 906 239 c.
919 185 983 252 552]

180 340 318 413 mallem,
338 345 502 412 postquam
521 333 676 412 praesidio
697 333 782 408 regio
804 347 906 394 arcem
927 331 1025 392 teneri
1044 346 1104 392 nec
1128 346 1170 392 se

63 437 68 443 ·
180 420 342 499 potestatis
357 435 433 480 suae
444 434 516 480 esse
529 417 767 494 respondebant,
782 414 934 491 expositis
947 415 1049 490 copiis
1064 430 1165 489 appa·

178 512 310 580 rataque
325 503 406 565 omni
426 501 547 564 urbium
567 499 843 577 oppugnandarum
864 497 997 560 diversis
1018 495 1168 574 partibus

178 603 235 650 rex
250 594 282 648 et
291 589 409 662 legatus
421 587 577 650 Romanus
588 585 629 645 ad
639 583 746 647 urbem
757 581 899 647 subeunt.
922 583 994 658 plus
1002 581 1168 657 aliquanto

180 673 318 734 Graecos
331 671 471 732 Romana
491 685 576 732 arma
593 667 744 743 signaque
758 682 821 728 non
836 671 907 728 ante
920 665 990 726 visa
1004 664 1169 740 animique

179 755 306 816 militum
326 759 389 816 tam
409 758 551 829 prompte
571 749 801 816 succedentium
814 765 921 813 muros
936 756 1085 810 terruere.
1109 749 1167 808 ita·

180 855 242 915 que
256 839 329 913 tuga
342 837 496 912 extemplo
511 836 541 896 in
555 849 658 896 arcem
671 836 751 896 tacta
764 839 828 904 θεῖς
850 833 927 894 urbe
940 832 1048 894 hostes
1063 831 1170 908 potiti.

178 928 209 982 et
223 921 253 982 in
269 936 340 982 arce
355 937 424 982 cum
438 921 564 982 biduum
579 917 639 980 loci
653 933 688 980 se
701 917 799 994 magis
811 932 904 991 quarn
915 931 1071 981 armorum
1083 915 1167 976 lidu-

178 1007 226 1066 cia
242 1005 420 1079 tenuissent,
434 1003 523 1064 tertio
538 1002 588 1064 die
602 1002 691 1077 pacti,
706 1001 765 1077 ipsi
779 999 1030 1076 praesidiumque
1044 1004 1080 1060 ut
1095 1014 1168 1060 eum

179 1089 307 1164 singulis
337 1086 526 1153 vestimentis
554 1086 671 1146 Delium
699 1084 845 1148 Boeotiae
879 1081 1168 1156 transveherentur,

177 1173 285 1234 urbem
306 1187 472 1249 arcemque
484 1170 682 1234 tradiderunt.
711 1185 749 1230 ea
759 1167 798 1230 ab
813 1167 961 1231 Romanis
975 1165 1043 1240 regi
1056 1165 1167 1228 Attalo

179 1271 346 1318 concessas
369 1257 516 1332 praedam
537 1258 775 1328 ornamentaque
795 1251 882 1313 urbis
902 1249 963 1326 ipsi
974 1254 1168 1332 ,avexerunt

177 1340 300 1400 Attalus
315 1355 354 1400 ne
368 1341 519 1400 desertam
534 1335 661 1397 haberet
675 1335 814 1410 insulam,
829 1342 862 1395 et
874 1333 1083 1396 Macedonum
1100 1333 1170 1392 iere

179 1423 321 1484 omnibus
333 1430 364 1482 et
376 1421 559 1497 quibusdam
565 1419 759 1492 Andriorum,
771 1424 982 1491 utmanerent,
996 1415 1170 1492 persuasit

180 1512 290 1582 postea
304 1513 335 1566 ct
349 1507 387 1564 ab
402 1501 504 1573 Delio,
525 1502 630 1577 quiex
644 1507 737 1576 pacto
751 1501 879 1564 travecti
892 1517 930 1562 eo
947 1501 1077 1574 fuerant,
1095 1516 1170 1577 pro·

178 1587 282 1646 missis
302 1587 400 1660 regis,
423 1603 490 1646 curn
507 1584 693 1656 desiderium
708 1601 833 1661 quoque
853 1584 970 1660 patriae
985 1581 1112 1656 facilius
1129 1583 1169 1644 ad

180 1669 368 1730 credendum
382 1669 540 1730 inclinaret
552 1667 680 1742 animos,
695 1670 841 1730 revocati.

262 1751 311 1812 Ab
326 1751 432 1818 Andro
448 1751 599 1831 Cythnum
612 1752 805 1822 traiecerunt.
832 1751 873 1812 ibi
889 1751 957 1815 dies
971 1751 1097 1826 aliquot
1114 1767 1170 1826 op·

179 1835 346 1912 pugnanda
359 1835 436 1896 urbe
450 1835 637 1912 nequiquam
650 1835 819 1910 absumpti;
846 1843 877 1896 et
890 1836 964 1912 quia
979 1836 1034 1895 vix
1049 1850 1172 1912 operae

181 1917 310 1996 pretimn
326 1926 400 1993 erat,
415 1920 608 1982 abscessere.
644 1919 685 1978 ad
698 1919 821 1980 Prasias
833 1919 1075 1982 -continentis
1092 1920 1170 1982 Atti-

180 2017 236 2064 cae
250 2002 277 2064 is
298 2003 386 2063 loeus
409 2005 693 2068 est-Issaeorum
714 2002 819 2077 viginti
834 2003 925 2062 lembi
940 2003 1034 2064 classi
1052 2004 1172 2064 Roma·

180 2103 288 2149 norum
304 2087 437 2148 adiuncti
453 2094 531 2146 sont.
554 2087 575 2145 ii
589 2085 675 2146 missi
687 2087 726 2148 ad
741 2086 939 2161 populandos
952 2085 1171 2164 Carystiorum

180 2185 290 2244 agrem
320 2177 422 2230 cetera
439 2171 548 2230 classis
565 2169 758 2242 Geraestum,
780 2169 914 2232 nobilem
927 2170 1079 2235 Euboeae
1095 2187 1170 2246 por·

179 2262 251 2326 tum,
268 2253 339 2314 dum
355 2253 394 2313 ab
410 2253 539 2330 Carysto
554 2253 650 2312 Issaei
663 2253 805 2326 redirent,
820 2254 924 2316 tenuit.
955 2254 1030 2314 inde
1046 2271 1171 2329 umnec,

178 2337 256 2396 velis
271 2335 301 2396 in
315 2339 407 2397 altum
423 2337 517 2411 datis,
538 2337 615 2396 mari
629 2336 729 2396 medio
745 2343 867 2412 praeter
882 2337 1016 2416 Scyrum
1031 2337 1170 2400 insulam

178 2421 262 2480 lcum
277 2435 456 2495 pervenere.
485 2419 527 2480 ibi
542 2434 659 2496 paucos
675 2419 741 2480 dies
756 2421 912 2482 saeviente
925 2422 1030 2484 Borea
1042 2423 1169 2493 retenti,

178 2503 231 2564 ubi
245 2503 343 2578 prima
356 2503 558 2580 tranquillitas
570 2504 641 2564 data
652 2509 712 2578 est,
720 2502 876 2568 Sciathum
888 2504 1045 2580 traiecere,
1061 2513 1171 2566 vasta-

179 2594 241 2648 tam
266 2588 371 2650 urbem
401 2589 613 2664 direptamque
637 2603 736 2662 nuper
757 2604 775 2647 a
794 2587 945 2665 Philippo.
986 2604 1045 2664 per
1070 2605 1170 2664 agros

180 2671 273 2744 palati
294 2671 403 2732 milites
424 2673 622 2746 frumentum,
643 2673 713 2732 etsi
729 2688 791 2746 qua
812 2671 871 2732 alia
884 2673 954 2734 usui
969 2687 1042 2732 esse
1057 2673 1101 2734 ad
1115 2687 1170 2732 ve·

180 2753 329 2812 scendum
350 2761 506 2829 poterant,
526 2755 567 2813 ad
587 2769 683 2814 naves
697 2755 849 2814 rettulere.
873 2757 1009 2831 praedae
1022 2771 1085 2816 uec
1101 2762 1171 2818 erat

182 2835 360 2910 quicquam,
383 2853 440 2896 nec
454 2845 626 2898 meruerant
639 2836 762 2910 Graeci,
778 2852 833 2897 cur
847 2839 1064 2915 diriperentur.
1094 2839 1171 2902 inde

182 2917 406 2996 Cassandream
426 2927 564 2996 petentes
584 2919 684 2996 prime
705 2920 745 2980 ad
758 2919 958 2996 Mendaeum,
979 2923 1170 2984 maritimum

181 3001 310 3062 civitatis
325 3004 392 3064 eius
408 3004 517 3080 vicum,
530 3010 665 3066 tenuere.
686 3003 758 3067 inde
773 3021 841 3066 curn
855 3014 1002 3082 superato
1016 3023 1170 3082 promun-

181 3085 258 3148 turio
280 3087 319 3148 ad
340 3087 410 3164 ipsa
429 3089 550 3152 moenia
569 3088 654 3150 urbis
670 3089 877 3164 circumagere
892 3093 1026 3166 classem
1039 3093 1169 3164 vellent,

180 3185 275 3232 saeva
289 3179 396 3234 coorta
410 3179 592 3250 tempestate
606 3189 706 3250 prope
719 3173 820 3234 obruti
834 3174 994 3248 fluctibus,
1010 3174 1169 3250 dispersi,

180 3271 290 3331 magna
304 3272 344 3317 ex
358 3265 445 3334 parte
459 3259 580 3321 amissis
596 3258 788 3320 armamentis
803 3257 833 3318 in
848 3265 960 3318 terrum
979 3255 1169 3334 effugerunt.

180 3355 269 3400 omen
286 3357 410 3418 quoque
433 3358 470 3404 ea
482 3343 630 3408 maritima
643 3349 809 3418 tempestas
824 3343 863 3402 ad
878 3357 943 3402 rem
957 3348 1042 3402 terra
1055 3357 1167 3418 geren·

180 3420 249 3481 dam
264 3424 329 3485 luit.
352 3443 421 3490 nam
435 3429 570 3490 collectis
585 3429 615 3488 in
630 3443 723 3489 unum
737 3426 867 3486 navibus
884 3424 1104 3504 expositisque
1116 3441 1168 3488 co·
