2506 3898
171 203 236 268 blo
300 201 415 264 Lllttllt
428 201 589 262 xxxvllt.
612 200 694 260 CAP.
708 208 751 264 30.
763 209 807 262 31.
831 206 868 274 [a.
879 205 915 260 U.
926 223 952 260 a.
963 207 1025 274 563]

174 372 316 434 quoque,
338 369 522 431 quamquam
542 353 741 428 Aegiensium
762 353 883 414 lavabat
902 367 1030 428 causae,
1056 355 1158 430 Argos

174 442 273 509 renlt;
293 437 345 500 ubi
367 455 434 500 oum
454 437 636 512 disceptatio
658 435 767 498 luisset
780 443 810 497 et
822 453 888 498 rem
901 436 1083 499 inclinatam
1097 451 1160 498 cer·

175 531 276 598 neret,
296 522 418 598 incepto
440 521 563 583 destitit.
584 519 819 581 Lacedaemonii
839 519 952 581 deinde
968 537 1040 583 eum
1056 520 1091 582 in
1107 537 1162 584 sua

175 606 341 670 certamina
364 611 547 666 averterunt
579 603 743 666 sollicitam
766 617 834 664 eam
859 604 1012 666 civitatem
1033 607 1162 666 exsules

175 691 306 753 maxime
325 689 493 760 habebant,
517 703 647 764 quorum
668 703 779 765 magna
799 704 872 763 pars
887 689 917 749 in
930 689 1094 750 maritimis
1109 689 1163 748 La-

177 774 303 838 conicae
325 788 398 834 orae
418 772 553 833 castellis
567 770 709 848 vicisque
724 772 775 847 qui
790 787 898 833 ornnes
912 773 1049 848 adempti
1065 780 1163 845 erant

177 857 360 920 habitabant.
383 855 415 916 id
429 871 521 931 aegre
536 855 686 931 patientes
701 855 945 931 Lacedaemonii,
959 863 993 917 ut
1006 857 1118 933 aliqua
1132 857 1165 915 ll·
1236 850 1237 942 l

175 943 280 1002 berum
297 939 336 1000 ad
350 955 435 1000 mare
448 939 596 1001 haberent
606 939 727 1014 aditum,
743 938 905 1015 siquando
918 939 1050 1000 Romam
1060 940 1165 1001 aliove
1236 949 1237 972 ¹

177 1041 238 1102 quo
260 1025 412 1098 mitterent
429 1025 557 1100 legatos,
579 1024 667 1084 simul
689 1031 722 1085 ut
741 1024 910 1099 emporium
930 1030 962 1084 et
979 1031 1165 1100 receptacu-

176 1111 238 1172 lum
254 1107 424 1185 peregrinis
439 1109 591 1170 mercibus
607 1109 646 1168 ad
660 1108 855 1168 necessarios
869 1123 946 1168 usus
961 1117 1058 1181 esset,
1073 1115 1166 1168 noete

177 1193 277 1256 adorti
297 1192 399 1254 vicum
419 1191 599 1254 maritimum
620 1191 742 1253 nomine
756 1191 821 1251 Lan
841 1190 1011 1267 improviso
1028 1207 1165 1267 occupa·

177 1285 294 1340 verunt.
317 1275 418 1337 vicani
433 1276 548 1352 quique
561 1275 602 1336 ibi
616 1276 740 1336 exsules
754 1274 932 1338 habitabant
945 1273 1047 1351 primo
1062 1275 1165 1351 inopi-

177 1369 248 1422 nata
259 1376 293 1420 re
307 1360 400 1424 territi
415 1367 496 1434 sunt,
517 1359 628 1421 deinde
643 1358 700 1422 sub
715 1360 814 1421 lucem
828 1359 1004 1434 congregati
1020 1361 1085 1422 levi
1101 1374 1163 1419 oer-
1237 1403 1238 1416 ι

177 1445 289 1506 tamine
303 1445 486 1519 expulerunt
499 1444 770 1505 Lacedaemonios.
800 1449 896 1504 terror
916 1450 1017 1503 tamen
1039 1457 1165 1504 omnem

178 1527 357 1589 maritimam
372 1543 456 1588 oram
472 1528 623 1602 peruasit;
649 1529 830 1604 legatosque
850 1526 1053 1588 communiter
1068 1534 1102 1589 et
1116 1541 1164 1588 ca·

178 1614 266 1672 stella
277 1609 379 1674 omnia
392 1609 513 1685 vicique
527 1618 557 1672 et
571 1613 704 1683 exsules,
721 1611 831 1686 quibus
845 1609 886 1672 ibi
900 1610 1056 1672 domicilia
1067 1617 1164 1682 erant,

178 1695 218 1754 ad
232 1695 376 1756 Achaeos
397 1693 553 1758 miserunt.
585 1694 688 1756 XXXl.
710 1693 927 1771 Philopoemen
942 1701 1084 1770 praetor,
1106 1695 1164 1755 iam
1238 1765 1239 1770 ἵ

179 1779 251 1839 mde
265 1777 303 1839 ab
319 1776 403 1839 initio
418 1781 559 1840 exsulum
570 1793 683 1840 causae
694 1784 724 1840 et
737 1779 863 1852 anticus,
877 1785 909 1840 et
919 1785 1029 1840 auctor
1039 1793 1165 1856 semper
1238 1787 1239 1792 ’

178 1862 312 1924 Achaeis
323 1862 480 1924 minuendi
490 1879 569 1940 opes
580 1871 611 1925 et
620 1861 829 1924 auctoritatem
838 1861 1164 1934 Lacedaemoniorum,

179 1946 342 2010 concilium
367 1949 563 2022 querentibus
583 1947 680 2022 dedit,
706 1947 923 2023 decretumque
946 1949 1102 2008 referente
1127 1961 1162 2006 eo

180 2034 293 2094 lactum
308 2039 364 2105 est,
381 2048 450 2094 curn
464 2033 495 2092 in
510 2032 602 2093 tidem
615 2031 807 2092 Achaeorum
822 2031 1007 2105 tutelamque
1021 2031 1054 2090 Τ.
1071 2029 1163 2105 Quin·

180 2116 258 2177 otius
280 2123 311 2178 et
324 2114 454 2176 Romani
466 2115 637 2177 Laconicae
652 2129 725 2174 orae
738 2116 864 2176 castella
874 2119 905 2175 et
916 2114 1005 2175 vicos
1019 2114 1164 2176 tradidis-
1239 2157 1240 2186 ι

180 2206 257 2270 sent,
279 2205 392 2258 etcum
408 2197 560 2258 abstinere
573 2197 611 2258 iis
625 2212 664 2257 ex
681 2198 806 2260 loedere
818 2197 1055 2260 Lacedaemonii
1069 2199 1164 2260 debe·
1239 2191 1240 2204 ¹

178 2288 255 2354 rent,
268 2281 328 2341 Las
344 2280 431 2340 vicus
447 2287 643 2356 oppugnatus
657 2287 742 2342 esset
755 2283 932 2358 caedesque
946 2282 987 2342 ibi
1003 2284 1094 2356 lacta,
1114 2280 1165 2358 qui

180 2363 247 2424 eius
276 2363 321 2424 rei
350 2368 491 2426 auctores
521 2365 702 2440 adfinesque
729 2373 847 2438 essent,
883 2365 942 2425 nisi
979 2365 1165 2426 dederentur

179 2447 329 2523 Achaeis,
357 2445 502 2510 uiolatum
526 2449 624 2511 videri
646 2449 766 2511 foedus.
797 2450 838 2510 ad
862 2450 1083 2525 exposcendos
1110 2465 1164 2510 eos

181 2533 272 2608 legati
292 2535 445 2608 extemplo
465 2534 728 2596 Lacedaemonem
747 2533 833 2594 missi
848 2539 928 2594 sunt.
955 2531 987 2594 id
1002 2531 1165 2609 imperium

180 2616 260 2678 adeo
275 2617 441 2693 superbum
457 2626 487 2679 et
500 2619 657 2694 indignum
673 2617 922 2678 Lacedaemoniis
936 2615 1038 2678 visum
1054 2624 1113 2690 est,
1135 2624 1166 2677 ut

180 2699 208 2760 si
230 2700 354 2777 antiqua
375 2700 504 2764 civitatis
525 2705 646 2764 fortuna
667 2707 764 2774 esset,
791 2700 873 2760 haud
894 2698 1094 2762 dubie-arma
1112 2715 1164 2762 ex-

180 2785 295 2858 templo
320 2787 437 2858 capturi
457 2786 575 2847 luerim.
608 2787 739 2845 maxime
760 2791 859 2846 autem
880 2785 1089 2846 consternavit
1110 2799 1164 2846 eos

180 2871 290 2940 metus,
305 2865 332 2924 si
347 2870 443 2927 semel
458 2867 562 2942 primis
577 2867 712 2942 imperils
725 2868 898 2930 obediendo
909 2868 1014 2944 iugum
1025 2869 1163 2944 accepis·

181 2956 259 3021 sent,
275 2947 357 3007 neid
370 2951 523 3024 quodiam
535 2949 588 3010 diu
599 2949 756 3012 moliretur
765 2951 991 3028 Philopoemen,
1003 2951 1164 3014 exsulibus

179 3030 443 3094 Lacedaemonem
459 3032 599 3095 traderet.
622 3034 758 3098 iurantes
772 3037 862 3112 igitur
876 3036 921 3096 ira
934 3035 1058 3111 triginta
1068 3036 1163 3096 homi·

181 3116 272 3176 nibus
294 3129 333 3175 ex
358 3115 506 3190 faotione,
531 3132 600 3180 cum
620 3135 682 3195 qua
702 3119 898 3182 consiliorum
913 3119 1016 3196 aliqua
1031 3119 1165 3180 societas

180 3198 412 3275 Philopoemeni
423 3207 517 3276 atque
528 3203 688 3266 exsulibus
700 3212 772 3276 erat,
784 3203 950 3266 interiectis
962 3203 1166 3264 decreverunt

180 3281 412 3344 renuntiandam
432 3284 610 3348 societatem
634 3287 784 3362 Achaeis,
805 3289 986 3363 legatosque
1010 3288 1164 3362 extemplo

182 3365 409 3438 Cepahallenlam
433 3370 612 3444 mittendos,
639 3371 691 3446 qui
716 3371 835 3432 consuli
856 3370 897 3430 Μ.
916 3370 1024 3432 Fulvio
1049 3368 1165 3448 quique

181 3443 326 3506 llomanis
346 3449 608 3514 Lacedaemonem
631 3455 792 3527 dederent,
818 3461 1002 3529 orarentque
1023 3469 1109 3528 eum,
1132 3461 1164 3514 ut
