<?xml version="1.0" encoding="UTF-8"?>
<!DOCTYPE html PUBLIC "-//W3C//DTD XHTML 1.0 Transitional//EN"
    "http://www.w3.org/TR/xhtml1/DTD/xhtml1-transitional.dtd">
<html xmlns="http://www.w3.org/1999/xhtml" xml:lang="en" lang="en">
 <head>
  <title>
</title>
<meta http-equiv="Content-Type" content="text/html;charset=utf-8" />
  <meta name='ocr-system' content='tesseract 3.04.00' />
  <meta name='ocr-capabilities' content='ocr_page ocr_carea ocr_par ocr_line ocrx_word'/>
</head>
<body>
  <div class='ocr_page' id='page_1' title='image "./titiliviaburbec08livygoog_0088.png"; bbox 0 0 2482 3900; ppageno 0'>
   <div class='ocr_carea' id='block_1_1' title="bbox 25 249 1072 3596">
    <p class='ocr_par' dir='ltr' id='par_1_1' title="bbox 27 249 1064 336">
     <span class='ocr_line' id='line_1_1' title="bbox 27 249 1064 336; baseline 0.011 -27"><span class='ocrx_word' id='word_1_1' title='bbox 27 257 30 336; x_wconf 67' lang='grc'><strong>1</strong></span> <span class='ocrx_word' id='word_1_2' title='bbox 249 249 365 310; x_wconf 80' lang='lat' dir='ltr'><strong>LIBER</strong></span> <span class='ocrx_word' id='word_1_3' title='bbox 378 250 497 311; x_wconf 79' lang='lat' dir='ltr'><strong>XXXII.</strong></span> <span class='ocrx_word' id='word_1_4' title='bbox 520 250 658 312; x_wconf 85' lang='lat' dir='ltr'><strong>CAP.15.</strong></span> <span class='ocrx_word' id='word_1_5' title='bbox 673 261 714 314; x_wconf 86' lang='lat'><strong>16.</strong></span> <span class='ocrx_word' id='word_1_6' title='bbox 737 259 773 327; x_wconf 80' lang='lat' dir='ltr'><strong>[a.</strong></span> <span class='ocrx_word' id='word_1_7' title='bbox 788 259 820 312; x_wconf 87' lang='lat' dir='ltr'><strong>c</strong></span> <span class='ocrx_word' id='word_1_8' title='bbox 834 260 895 328; x_wconf 80' lang='lat'>198]</span> <span class='ocrx_word' id='word_1_9' title='bbox 1022 258 1064 322; x_wconf 75' lang='lat'><strong>5⁹</strong></span> 
     </span>
    </p>

    <p class='ocr_par' dir='ltr' id='par_1_2' title="bbox 26 361 1064 1057">
     <span class='ocr_line' id='line_1_2' title="bbox 26 361 1064 482; baseline 0.013 -22"><span class='ocrx_word' id='word_1_10' title='bbox 26 361 29 460; x_wconf 66' lang='grc'><strong>1</strong></span> <span class='ocrx_word' id='word_1_11' title='bbox 80 407 199 482; x_wconf 86' lang='lat' dir='ltr'><strong>repleta</strong></span> <span class='ocrx_word' id='word_1_12' title='bbox 220 405 303 466; x_wconf 93' lang='lat' dir='ltr'><strong>omni</strong></span> <span class='ocrx_word' id='word_1_13' title='bbox 322 419 424 468; x_wconf 84' lang='lat' dir='ltr'><strong>rarum</strong></span> <span class='ocrx_word' id='word_1_14' title='bbox 439 405 530 482; x_wconf 88' lang='lat' dir='ltr'><strong>copia</strong></span> <span class='ocrx_word' id='word_1_15' title='bbox 544 413 616 469; x_wconf 90' lang='lat' dir='ltr'><strong>sunt</strong></span> <span class='ocrx_word' id='word_1_16' title='bbox 631 413 740 466; x_wconf 89' lang='lat' dir='ltr'><strong>castra.</strong></span> <span class='ocrx_word' id='word_1_17' title='bbox 771 407 843 466; x_wconf 89' lang='lat' dir='ltr'><strong>inde</strong></span> <span class='ocrx_word' id='word_1_18' title='bbox 857 410 1000 470; x_wconf 80' lang='lat' dir='ltr'><strong>Atracem</strong></span> <span class='ocrx_word' id='word_1_19' title='bbox 1016 421 1064 474; x_wconf 92' lang='lat' dir='ltr'><strong>est</strong></span> 
     </span>
     <span class='ocr_line' id='line_1_3' title="bbox 25 490 1062 566; baseline 0.005 -16.278"><span class='ocrx_word' id='word_1_20' title='bbox 25 491 248 566; x_wconf 86' lang='lat' dir='ltr'><strong>prolectas</strong></span> <span class='ocrx_word' id='word_1_21' title='bbox 280 490 390 549; x_wconf 89' lang='lat' dir='ltr'><strong>decem</strong></span> <span class='ocrx_word' id='word_1_22' title='bbox 410 490 608 552; x_wconf 81' lang='grc'><strong>1555551115</strong></span> <span class='ocrx_word' id='word_1_23' title='bbox 628 490 667 549; x_wconf 90' lang='lat' dir='ltr'><strong>ab</strong></span> <span class='ocrx_word' id='word_1_24' title='bbox 681 490 789 551; x_wconf 80' lang='lat' dir='ltr'><strong>Larisa</strong></span> <span class='ocrx_word' id='word_1_25' title='bbox 807 491 910 562; x_wconf 86' lang='lat' dir='ltr'><strong>abest;</strong></span> <span class='ocrx_word' id='word_1_26' title='bbox 937 494 1062 555; x_wconf 76' lang='grc'><strong>511151-</strong></span> 
     </span>
     <span class='ocr_line' id='line_1_4' title="bbox 78 573 1062 650; baseline 0.006 -16"><span class='ocrx_word' id='word_1_27' title='bbox 78 575 206 636; x_wconf 86' lang='lat' dir='ltr'><strong>rhacbia</strong></span> <span class='ocrx_word' id='word_1_28' title='bbox 220 573 343 634; x_wconf 89' lang='lat' dir='ltr'><strong>oriundi</strong></span> <span class='ocrx_word' id='word_1_29' title='bbox 359 582 445 644; x_wconf 90' lang='lat' dir='ltr'><strong>sunt,</strong></span> <span class='ocrx_word' id='word_1_30' title='bbox 468 574 586 636; x_wconf 83' lang='lat' dir='ltr'><strong>sitaest</strong></span> <span class='ocrx_word' id='word_1_31' title='bbox 596 574 670 634; x_wconf 87' lang='lat' dir='ltr'><strong>urbs</strong></span> <span class='ocrx_word' id='word_1_32' title='bbox 683 590 777 650; x_wconf 89' lang='lat' dir='ltr'><strong>super</strong></span> <span class='ocrx_word' id='word_1_33' title='bbox 786 575 919 637; x_wconf 87' lang='lat' dir='ltr'><strong>Peneum</strong></span> <span class='ocrx_word' id='word_1_34' title='bbox 932 593 1062 646; x_wconf 89' lang='lat' dir='ltr'><strong>emnem.</strong></span> 
     </span>
     <span class='ocr_line' id='line_1_5' title="bbox 78 657 1062 738; baseline 0.007 -20"><span class='ocrx_word' id='word_1_35' title='bbox 78 659 150 718; x_wconf 88' lang='lat' dir='ltr'><strong>nihil</strong></span> <span class='ocrx_word' id='word_1_36' title='bbox 176 659 372 738; x_wconf 63' lang='lat' dir='ltr'><strong>trepidavere</strong></span> <span class='ocrx_word' id='word_1_37' title='bbox 391 657 531 720; x_wconf 77' lang='lat' dir='ltr'><strong>Ehessali</strong></span> <span class='ocrx_word' id='word_1_38' title='bbox 553 659 593 718; x_wconf 90' lang='grc'><strong>51</strong></span> <span class='ocrx_word' id='word_1_39' title='bbox 614 659 744 733; x_wconf 87' lang='lat' dir='ltr'><strong>primum</strong></span> <span class='ocrx_word' id='word_1_40' title='bbox 765 660 929 721; x_wconf 90' lang='lat' dir='ltr'><strong>adventum</strong></span> <span class='ocrx_word' id='word_1_41' title='bbox 948 663 1062 724; x_wconf 86' lang='lat' dir='ltr'><strong>Roma·</strong></span> 
     </span>
     <span class='ocr_line' id='line_1_6' title="bbox 77 741 1062 822; baseline 0.004 -20"><span class='ocrx_word' id='word_1_42' title='bbox 77 759 197 804; x_wconf 86' lang='lat' dir='ltr'><strong>norum.</strong></span> <span class='ocrx_word' id='word_1_43' title='bbox 233 750 265 803; x_wconf 84' lang='lat' dir='ltr'><strong>et</strong></span> <span class='ocrx_word' id='word_1_44' title='bbox 284 741 443 818; x_wconf 75' lang='lat' dir='ltr'><strong>Philippus</strong></span> <span class='ocrx_word' id='word_1_45' title='bbox 463 742 543 809; x_wconf 84' lang='grc'><strong>51551</strong></span> <span class='ocrx_word' id='word_1_46' title='bbox 566 743 596 801; x_wconf 88' lang='grc'><strong>15</strong></span> <span class='ocrx_word' id='word_1_47' title='bbox 618 742 807 804; x_wconf 75' lang='lat' dir='ltr'><strong>Thessaliam</strong></span> <span class='ocrx_word' id='word_1_48' title='bbox 826 745 895 820; x_wconf 90' lang='lat' dir='ltr'><strong>ipse</strong></span> <span class='ocrx_word' id='word_1_49' title='bbox 915 747 1062 822; x_wconf 79' lang='lat' dir='ltr'><strong>progredi</strong></span> 
     </span>
     <span class='ocr_line' id='line_1_7' title="bbox 75 826 1062 907; baseline 0.006 -21"><span class='ocrx_word' id='word_1_50' title='bbox 75 844 138 888; x_wconf 83' lang='lat' dir='ltr'><strong>noa</strong></span> <span class='ocrx_word' id='word_1_51' title='bbox 154 826 304 901; x_wconf 77' lang='lat' dir='ltr'><strong>audebat,</strong></span> <span class='ocrx_word' id='word_1_52' title='bbox 324 827 368 888; x_wconf 81' lang='lat' dir='ltr'><strong>ita</strong></span> <span class='ocrx_word' id='word_1_53' title='bbox 378 827 461 887; x_wconf 80' lang='lat' dir='ltr'><strong>intra</strong></span> <span class='ocrx_word' id='word_1_54' title='bbox 474 827 588 903; x_wconf 78' lang='lat' dir='ltr'><strong>Tempe</strong></span> <span class='ocrx_word' id='word_1_55' title='bbox 602 827 722 888; x_wconf 88' lang='lat' dir='ltr'><strong>stativis</strong></span> <span class='ocrx_word' id='word_1_56' title='bbox 736 828 863 903; x_wconf 86' lang='lat' dir='ltr'><strong>positis,</strong></span> <span class='ocrx_word' id='word_1_57' title='bbox 879 833 1062 907; x_wconf 85' lang='lat' dir='ltr'><strong>utquisque</strong></span> 
     </span>
     <span class='ocr_line' id='line_1_8' title="bbox 75 909 1060 988; baseline 0.005 -16"><span class='ocrx_word' id='word_1_58' title='bbox 75 913 163 972; x_wconf 89' lang='lat' dir='ltr'><strong>locus</strong></span> <span class='ocrx_word' id='word_1_59' title='bbox 191 912 231 971; x_wconf 90' lang='lat' dir='ltr'><strong>ab</strong></span> <span class='ocrx_word' id='word_1_60' title='bbox 256 909 346 971; x_wconf 88' lang='lat' dir='ltr'><strong>hoste</strong></span> <span class='ocrx_word' id='word_1_61' title='bbox 368 911 589 988; x_wconf 83' lang='lat' dir='ltr'><strong>temptabatur,</strong></span> <span class='ocrx_word' id='word_1_62' title='bbox 613 912 771 988; x_wconf 87' lang='lat' dir='ltr'><strong>praesidia</strong></span> <span class='ocrx_word' id='word_1_63' title='bbox 797 929 854 988; x_wconf 91' lang='lat' dir='ltr'><strong>per</strong></span> <span class='ocrx_word' id='word_1_64' title='bbox 878 917 1060 977; x_wconf 70' lang='lat' dir='ltr'><strong>occasiones</strong></span> 
     </span>
     <span class='ocr_line' id='line_1_9' title="bbox 74 995 291 1057; baseline -0.005 -1"><span class='ocrx_word' id='word_1_65' title='bbox 74 995 291 1057; x_wconf 82' lang='lat' dir='ltr'><strong>summittebat.</strong></span> 
     </span>
    </p>

    <p class='ocr_par' dir='ltr' id='par_1_3' title="bbox 67 1078 1072 3596">
     <span class='ocr_line' id='line_1_10' title="bbox 159 1078 1060 1156; baseline 0.006 -16"><span class='ocrx_word' id='word_1_66' title='bbox 159 1079 241 1140; x_wconf 72' lang='lat' dir='ltr'><strong>xm.</strong></span> <span class='ocrx_word' id='word_1_67' title='bbox 270 1078 336 1140; x_wconf 83' lang='lat' dir='ltr'><strong>Sub</strong></span> <span class='ocrx_word' id='word_1_68' title='bbox 358 1079 442 1139; x_wconf 88' lang='lat' dir='ltr'><strong>idem</strong></span> <span class='ocrx_word' id='word_1_69' title='bbox 463 1081 529 1140; x_wconf 86' lang='lat' dir='ltr'><strong>lere</strong></span> <span class='ocrx_word' id='word_1_70' title='bbox 549 1087 671 1154; x_wconf 86' lang='lat' dir='ltr'><strong>tempus</strong></span> <span class='ocrx_word' id='word_1_71' title='bbox 694 1097 756 1156; x_wconf 88' lang='lat' dir='ltr'><strong>quc</strong></span> <span class='ocrx_word' id='word_1_72' title='bbox 778 1083 888 1142; x_wconf 90' lang='lat' dir='ltr'><strong>consul</strong></span> <span class='ocrx_word' id='word_1_73' title='bbox 906 1083 1060 1145; x_wconf 87' lang='lat' dir='ltr'><strong>adversus</strong></span> 
     </span>
     <span class='ocr_line' id='line_1_11' title="bbox 73 1163 1060 1240; baseline 0.003 -16"><span class='ocrx_word' id='word_1_74' title='bbox 73 1164 250 1240; x_wconf 80' lang='lat' dir='ltr'><strong>Philippum</strong></span> <span class='ocrx_word' id='word_1_75' title='bbox 270 1163 402 1240; x_wconf 80' lang='lat' dir='ltr'><strong>priorum</strong></span> <span class='ocrx_word' id='word_1_76' title='bbox 422 1164 452 1222; x_wconf 88' lang='lat' dir='ltr'><strong>in</strong></span> <span class='ocrx_word' id='word_1_77' title='bbox 468 1163 553 1240; x_wconf 81' lang='lat' dir='ltr'><strong>Epiri</strong></span> <span class='ocrx_word' id='word_1_78' title='bbox 569 1163 709 1224; x_wconf 85' lang='lat' dir='ltr'><strong>lancibus</strong></span> <span class='ocrx_word' id='word_1_79' title='bbox 724 1164 830 1240; x_wconf 86' lang='lat' dir='ltr'><strong>posuit</strong></span> <span class='ocrx_word' id='word_1_80' title='bbox 844 1173 960 1237; x_wconf 89' lang='lat' dir='ltr'><strong>castra,</strong></span> <span class='ocrx_word' id='word_1_81' title='bbox 983 1174 1014 1227; x_wconf 88' lang='grc'><strong>51</strong></span> <span class='ocrx_word' id='word_1_82' title='bbox 1025 1168 1060 1227; x_wconf 91' lang='lat' dir='ltr'><strong>L.</strong></span> 
     </span>
     <span class='ocr_line' id='line_1_12' title="bbox 75 1247 1060 1326; baseline 0.002 -18"><span class='ocrx_word' id='word_1_83' title='bbox 75 1248 234 1322; x_wconf 76' lang='lat' dir='ltr'><strong>Quinctius</strong></span> <span class='ocrx_word' id='word_1_84' title='bbox 256 1248 350 1308; x_wconf 86' lang='lat' dir='ltr'><strong>irater</strong></span> <span class='ocrx_word' id='word_1_85' title='bbox 366 1249 522 1323; x_wconf 81' lang='lat' dir='ltr'><strong>consulis,</strong></span> <span class='ocrx_word' id='word_1_86' title='bbox 545 1247 594 1307; x_wconf 89' lang='lat' dir='ltr'><strong>cui</strong></span> <span class='ocrx_word' id='word_1_87' title='bbox 615 1249 726 1309; x_wconf 87' lang='lat' dir='ltr'><strong>classis</strong></span> <span class='ocrx_word' id='word_1_88' title='bbox 742 1263 816 1308; x_wconf 90' lang='lat' dir='ltr'><strong>cura</strong></span> <span class='ocrx_word' id='word_1_89' title='bbox 830 1249 1060 1326; x_wconf 88' lang='lat' dir='ltr'><strong>maritimaeque</strong></span> 
     </span>
     <span class='ocr_line' id='line_1_13' title="bbox 73 1332 1060 1408; baseline 0.002 -16"><span class='ocrx_word' id='word_1_90' title='bbox 73 1347 149 1394; x_wconf 91' lang='lat' dir='ltr'><strong>orac</strong></span> <span class='ocrx_word' id='word_1_91' title='bbox 174 1332 335 1408; x_wconf 89' lang='lat' dir='ltr'><strong>imperium</strong></span> <span class='ocrx_word' id='word_1_92' title='bbox 356 1332 531 1393; x_wconf 84' lang='lat' dir='ltr'><strong>mandatum</strong></span> <span class='ocrx_word' id='word_1_93' title='bbox 553 1332 591 1391; x_wconf 86' lang='lat' dir='ltr'><strong>ab</strong></span> <span class='ocrx_word' id='word_1_94' title='bbox 612 1339 723 1393; x_wconf 89' lang='lat' dir='ltr'><strong>senatu</strong></span> <span class='ocrx_word' id='word_1_95' title='bbox 744 1339 823 1406; x_wconf 85' lang='lat' dir='ltr'><strong>crat,</strong></span> <span class='ocrx_word' id='word_1_96' title='bbox 851 1349 920 1393; x_wconf 92' lang='lat' dir='ltr'><strong>cum</strong></span> <span class='ocrx_word' id='word_1_97' title='bbox 940 1333 1060 1394; x_wconf 88' lang='lat' dir='ltr'><strong>duabus</strong></span> 
     </span>
     <span class='ocr_line' id='line_1_14' title="bbox 75 1415 1061 1496; baseline 0.002 -20"><span class='ocrx_word' id='word_1_98' title='bbox 75 1417 349 1492; x_wconf 89' lang='lat' dir='ltr'><strong>quinqueremibus</strong></span> <span class='ocrx_word' id='word_1_99' title='bbox 360 1415 529 1496; x_wconf 78' lang='lat' dir='ltr'><strong>Corcyram</strong></span> <span class='ocrx_word' id='word_1_100' title='bbox 539 1423 703 1492; x_wconf 87' lang='lat' dir='ltr'><strong>travectus,</strong></span> <span class='ocrx_word' id='word_1_101' title='bbox 715 1425 879 1494; x_wconf 83' lang='lat' dir='ltr'><strong>postquam</strong></span> <span class='ocrx_word' id='word_1_102' title='bbox 891 1418 1061 1492; x_wconf 88' lang='lat' dir='ltr'><strong>prolectam</strong></span> 
     </span>
     <span class='ocr_line' id='line_1_15' title="bbox 74 1500 1059 1576; baseline 0.003 -16"><span class='ocrx_word' id='word_1_103' title='bbox 74 1501 146 1561; x_wconf 90' lang='lat' dir='ltr'><strong>inde</strong></span> <span class='ocrx_word' id='word_1_104' title='bbox 161 1500 294 1560; x_wconf 82' lang='lat' dir='ltr'><strong>classem</strong></span> <span class='ocrx_word' id='word_1_105' title='bbox 309 1501 440 1576; x_wconf 76' lang='lat' dir='ltr'><strong>audini,</strong></span> <span class='ocrx_word' id='word_1_106' title='bbox 463 1501 537 1561; x_wconf 90' lang='lat' dir='ltr'><strong>nihil</strong></span> <span class='ocrx_word' id='word_1_107' title='bbox 551 1503 732 1562; x_wconf 88' lang='lat' dir='ltr'><strong>morandum</strong></span> <span class='ocrx_word' id='word_1_108' title='bbox 747 1507 847 1574; x_wconf 88' lang='lat' dir='ltr'><strong>ratus,</strong></span> <span class='ocrx_word' id='word_1_109' title='bbox 864 1517 933 1562; x_wconf 89' lang='lat' dir='ltr'><strong>cum</strong></span> <span class='ocrx_word' id='word_1_110' title='bbox 948 1502 988 1562; x_wconf 91' lang='lat' dir='ltr'><strong>ad</strong></span> <span class='ocrx_word' id='word_1_111' title='bbox 1002 1502 1059 1564; x_wconf 87' lang='lat' dir='ltr'><strong>Za-</strong></span> 
     </span>
     <span class='ocr_line' id='line_1_16' title="bbox 73 1584 1058 1661; baseline 0.003 -17"><span class='ocrx_word' id='word_1_112' title='bbox 73 1584 307 1646; x_wconf 85' lang='grc'><strong>5551555155</strong></span> <span class='ocrx_word' id='word_1_113' title='bbox 329 1585 497 1646; x_wconf 89' lang='lat' dir='ltr'><strong>adsecutus</strong></span> <span class='ocrx_word' id='word_1_114' title='bbox 519 1593 616 1660; x_wconf 87' lang='lat' dir='ltr'><strong>esset,</strong></span> <span class='ocrx_word' id='word_1_115' title='bbox 641 1587 769 1646; x_wconf 88' lang='lat' dir='ltr'><strong>dimisso</strong></span> <span class='ocrx_word' id='word_1_116' title='bbox 790 1586 824 1644; x_wconf 86' lang='lat' dir='ltr'><strong>L.</strong></span> <span class='ocrx_word' id='word_1_117' title='bbox 839 1587 987 1661; x_wconf 84' lang='lat' dir='ltr'><strong>Apustio,</strong></span> <span class='ocrx_word' id='word_1_118' title='bbox 1010 1587 1058 1648; x_wconf 91' lang='lat' dir='ltr'><strong>cui</strong></span> 
     </span>
     <span class='ocr_line' id='line_1_17' title="bbox 73 1667 1060 1747; baseline 0 -17"><span class='ocrx_word' id='word_1_119' title='bbox 73 1675 285 1741; x_wconf 71' lang='lat' dir='ltr'><strong>successerat,</strong></span> <span class='ocrx_word' id='word_1_120' title='bbox 306 1669 394 1730; x_wconf 88' lang='lat' dir='ltr'><strong>tarde</strong></span> <span class='ocrx_word' id='word_1_121' title='bbox 415 1667 487 1730; x_wconf 91' lang='lat' dir='ltr'><strong>inde</strong></span> <span class='ocrx_word' id='word_1_122' title='bbox 508 1671 548 1729; x_wconf 88' lang='lat' dir='ltr'><strong>ad</strong></span> <span class='ocrx_word' id='word_1_123' title='bbox 561 1669 691 1730; x_wconf 87' lang='lat' dir='ltr'><strong>Maleam</strong></span> <span class='ocrx_word' id='word_1_124' title='bbox 705 1669 863 1730; x_wconf 79' lang='lat' dir='ltr'><strong>trahendis</strong></span> <span class='ocrx_word' id='word_1_125' title='bbox 878 1672 1060 1747; x_wconf 87' lang='lat' dir='ltr'><strong>plerumque</strong></span> 
     </span>
     <span class='ocr_line' id='line_1_18' title="bbox 71 1753 1072 1831; baseline 0 -17"><span class='ocrx_word' id='word_1_126' title='bbox 71 1754 210 1814; x_wconf 88' lang='lat' dir='ltr'><strong>remulco</strong></span> <span class='ocrx_word' id='word_1_127' title='bbox 227 1753 357 1813; x_wconf 89' lang='lat' dir='ltr'><strong>navibus</strong></span> <span class='ocrx_word' id='word_1_128' title='bbox 366 1769 471 1828; x_wconf 89' lang='lat' dir='ltr'><strong>,quac</strong></span> <span class='ocrx_word' id='word_1_129' title='bbox 486 1769 555 1813; x_wconf 91' lang='lat' dir='ltr'><strong>cam</strong></span> <span class='ocrx_word' id='word_1_130' title='bbox 569 1763 741 1816; x_wconf 81' lang='lat' dir='ltr'><strong>commeatu</strong></span> <span class='ocrx_word' id='word_1_131' title='bbox 756 1755 973 1829; x_wconf 89' lang='lat' dir='ltr'><strong>sequebantur,</strong></span> <span class='ocrx_word' id='word_1_132' title='bbox 989 1769 1072 1831; x_wconf 59' lang='lat' dir='ltr'><strong>per-¹</strong></span> 
     </span>
     <span class='ocr_line' id='line_1_19' title="bbox 74 1836 1061 1920; baseline 0.002 -22"><span class='ocrx_word' id='word_1_133' title='bbox 74 1838 167 1898; x_wconf 89' lang='lat' dir='ltr'><strong>venit.</strong></span> <span class='ocrx_word' id='word_1_134' title='bbox 198 1836 345 1920; x_wconf 82' lang='lat' dir='ltr'><strong>allutea,</strong></span> <span class='ocrx_word' id='word_1_135' title='bbox 364 1837 461 1897; x_wconf 88' lang='lat' dir='ltr'><strong>iussis</strong></span> <span class='ocrx_word' id='word_1_136' title='bbox 484 1837 593 1898; x_wconf 89' lang='lat' dir='ltr'><strong>ceteris</strong></span> <span class='ocrx_word' id='word_1_137' title='bbox 616 1847 762 1913; x_wconf 89' lang='lat' dir='ltr'><strong>quantam</strong></span> <span class='ocrx_word' id='word_1_138' title='bbox 782 1839 915 1899; x_wconf 88' lang='lat' dir='ltr'><strong>maxime</strong></span> <span class='ocrx_word' id='word_1_139' title='bbox 929 1847 1061 1915; x_wconf 89' lang='lat' dir='ltr'><strong>possent</strong></span> 
     </span>
     <span class='ocr_line' id='line_1_20' title="bbox 71 1916 1060 2009; baseline 0.002 -27"><span class='ocrx_word' id='word_1_140' title='bbox 71 1931 227 1984; x_wconf 83' lang='grc'><strong>55151515</strong></span> <span class='ocrx_word' id='word_1_141' title='bbox 242 1916 341 2009; x_wconf 81' lang='lat' dir='ltr'><strong>sequi,</strong></span> <span class='ocrx_word' id='word_1_142' title='bbox 359 1921 432 1997; x_wconf 88' lang='lat' dir='ltr'><strong>ipsc</strong></span> <span class='ocrx_word' id='word_1_143' title='bbox 444 1921 541 1982; x_wconf 88' lang='lat' dir='ltr'><strong>tribus</strong></span> <span class='ocrx_word' id='word_1_144' title='bbox 558 1923 829 1998; x_wconf 89' lang='lat' dir='ltr'><strong>quinqueremibus</strong></span> <span class='ocrx_word' id='word_1_145' title='bbox 845 1924 997 1998; x_wconf 85' lang='lat' dir='ltr'><strong>expeditis</strong></span> <span class='ocrx_word' id='word_1_146' title='bbox 1011 1923 1060 1984; x_wconf 87' lang='lat' dir='ltr'><strong>Pi</strong></span> 
     </span>
     <span class='ocr_line' id='line_1_21' title="bbox 73 1993 1058 2082; baseline 0 -14"><span class='ocrx_word' id='word_1_147' title='bbox 73 2019 200 2068; x_wconf 80' lang='lat' dir='ltr'><strong>raecum</strong></span> <span class='ocrx_word' id='word_1_148' title='bbox 224 1993 396 2081; x_wconf 79' lang='lat' dir='ltr'><strong>praecedit,</strong></span> <span class='ocrx_word' id='word_1_149' title='bbox 423 2006 605 2082; x_wconf 83' lang='lat' dir='ltr'><strong>accepitque</strong></span> <span class='ocrx_word' id='word_1_150' title='bbox 630 2023 726 2066; x_wconf 89' lang='lat' dir='ltr'><strong>naves</strong></span> <span class='ocrx_word' id='word_1_151' title='bbox 752 2007 875 2066; x_wconf 89' lang='lat' dir='ltr'><strong>relictas</strong></span> <span class='ocrx_word' id='word_1_152' title='bbox 901 2007 943 2066; x_wconf 89' lang='lat' dir='ltr'><strong>ibi</strong></span> <span class='ocrx_word' id='word_1_153' title='bbox 964 2007 1058 2068; x_wconf 87' lang='lat' dir='ltr'><strong>abL</strong></span> 
     </span>
     <span class='ocr_line' id='line_1_22' title="bbox 71 2089 1059 2168; baseline -0.003 -14"><span class='ocrx_word' id='word_1_154' title='bbox 71 2091 206 2168; x_wconf 82' lang='lat' dir='ltr'><strong>Apustio</strong></span> <span class='ocrx_word' id='word_1_155' title='bbox 218 2091 319 2164; x_wconf 82' lang='lat' dir='ltr'><strong>legato</strong></span> <span class='ocrx_word' id='word_1_156' title='bbox 332 2090 370 2149; x_wconf 89' lang='lat' dir='ltr'><strong>ad</strong></span> <span class='ocrx_word' id='word_1_157' title='bbox 385 2089 571 2166; x_wconf 88' lang='lat' dir='ltr'><strong>praesidium</strong></span> <span class='ocrx_word' id='word_1_158' title='bbox 583 2091 780 2151; x_wconf 90' lang='lat' dir='ltr'><strong>Athenarum.</strong></span> <span class='ocrx_word' id='word_1_159' title='bbox 797 2091 907 2151; x_wconf 92' lang='lat' dir='ltr'><strong>eodem</strong></span> <span class='ocrx_word' id='word_1_160' title='bbox 919 2098 1059 2166; x_wconf 87' lang='lat' dir='ltr'><strong>tempore</strong></span> 
     </span>
     <span class='ocr_line' id='line_1_23' title="bbox 73 2173 1060 2250; baseline -0.002 -14"><span class='ocrx_word' id='word_1_161' title='bbox 73 2177 154 2236; x_wconf 90' lang='lat' dir='ltr'><strong>duae</strong></span> <span class='ocrx_word' id='word_1_162' title='bbox 176 2190 216 2235; x_wconf 84' lang='lat' dir='ltr'><strong>ex</strong></span> <span class='ocrx_word' id='word_1_163' title='bbox 230 2174 306 2234; x_wconf 90' lang='lat' dir='ltr'><strong>Asia</strong></span> <span class='ocrx_word' id='word_1_164' title='bbox 321 2173 440 2234; x_wconf 82' lang='lat' dir='ltr'><strong>classes</strong></span> <span class='ocrx_word' id='word_1_165' title='bbox 455 2189 513 2249; x_wconf 87' lang='lat' dir='ltr'><strong>pro</strong></span> <span class='ocrx_word' id='word_1_166' title='bbox 514 2175 627 2249; x_wconf 87' lang='lat' dir='ltr'><strong>fectae,</strong></span> <span class='ocrx_word' id='word_1_167' title='bbox 650 2191 713 2236; x_wconf 89' lang='lat' dir='ltr'><strong>una</strong></span> <span class='ocrx_word' id='word_1_168' title='bbox 728 2191 798 2234; x_wconf 92' lang='lat' dir='ltr'><strong>cum</strong></span> <span class='ocrx_word' id='word_1_169' title='bbox 811 2175 914 2235; x_wconf 85' lang='lat' dir='ltr'><strong>Attalo</strong></span> <span class='ocrx_word' id='word_1_170' title='bbox 926 2189 1002 2250; x_wconf 78' lang='lat' dir='ltr'><strong>rege</strong></span> <span class='ocrx_word' id='word_1_171' title='bbox 1016 2207 1060 2220; x_wconf 84' lang='lat'><em>-</em></span> 
     </span>
     <span class='ocr_line' id='line_1_24' title="bbox 73 2258 1060 2335; baseline -0.002 -15"><span class='ocrx_word' id='word_1_172' title='bbox 73 2277 130 2320; x_wconf 88' lang='lat' dir='ltr'><strong>eae</strong></span> <span class='ocrx_word' id='word_1_173' title='bbox 157 2265 301 2335; x_wconf 88' lang='lat' dir='ltr'><strong>quattuor</strong></span> <span class='ocrx_word' id='word_1_174' title='bbox 320 2265 351 2317; x_wconf 89' lang='lat' dir='ltr'><strong>et</strong></span> <span class='ocrx_word' id='word_1_175' title='bbox 369 2258 475 2332; x_wconf 82' lang='lat' dir='ltr'><strong>viginti</strong></span> <span class='ocrx_word' id='word_1_176' title='bbox 501 2258 738 2334; x_wconf 87' lang='lat' dir='ltr'><strong>quinqueremes</strong></span> <span class='ocrx_word' id='word_1_177' title='bbox 760 2266 913 2334; x_wconf 80' lang='lat' dir='ltr'><strong>erant—‚</strong></span> <span class='ocrx_word' id='word_1_178' title='bbox 938 2259 1060 2320; x_wconf 76' lang='lat' dir='ltr'><strong>Rhodia</strong></span> 
     </span>
     <span class='ocr_line' id='line_1_25' title="bbox 72 2343 1059 2418; baseline -0.002 -14"><span class='ocrx_word' id='word_1_179' title='bbox 72 2346 169 2404; x_wconf 82' lang='lat' dir='ltr'><strong>altera</strong></span> <span class='ocrx_word' id='word_1_180' title='bbox 189 2343 295 2418; x_wconf 80' lang='lat' dir='ltr'><strong>viginti</strong></span> <span class='ocrx_word' id='word_1_181' title='bbox 315 2343 439 2402; x_wconf 90' lang='lat' dir='ltr'><strong>navium</strong></span> <span class='ocrx_word' id='word_1_182' title='bbox 458 2349 621 2402; x_wconf 80' lang='lat' dir='ltr'><strong>tectarum:</strong></span> <span class='ocrx_word' id='word_1_183' title='bbox 651 2343 886 2418; x_wconf 82' lang='lat' dir='ltr'><strong>Agesimbrotus</strong></span> <span class='ocrx_word' id='word_1_184' title='bbox 908 2352 1059 2418; x_wconf 85' lang='lat' dir='ltr'><strong>praeerat.</strong></span> 
     </span>
     <span class='ocr_line' id='line_1_26' title="bbox 70 2425 1060 2488; baseline -0.002 0"><span class='ocrx_word' id='word_1_185' title='bbox 70 2428 130 2488; x_wconf 88' lang='lat' dir='ltr'><strong>hae</strong></span> <span class='ocrx_word' id='word_1_186' title='bbox 149 2428 232 2488; x_wconf 88' lang='lat' dir='ltr'><strong>circa</strong></span> <span class='ocrx_word' id='word_1_187' title='bbox 252 2425 391 2486; x_wconf 86' lang='lat' dir='ltr'><strong>Andrum</strong></span> <span class='ocrx_word' id='word_1_188' title='bbox 412 2427 543 2486; x_wconf 88' lang='lat' dir='ltr'><strong>insulam</strong></span> <span class='ocrx_word' id='word_1_189' title='bbox 563 2429 681 2488; x_wconf 87' lang='lat' dir='ltr'><strong>classes</strong></span> <span class='ocrx_word' id='word_1_190' title='bbox 704 2428 883 2487; x_wconf 85' lang='lat' dir='ltr'><strong>coniunctae</strong></span> <span class='ocrx_word' id='word_1_191' title='bbox 902 2426 1060 2488; x_wconf 79' lang='lat' dir='ltr'><strong>Euboeam</strong></span> 
     </span>
     <span class='ocr_line' id='line_1_27' title="bbox 71 2509 1059 2588; baseline -0.003 -15"><span class='ocrx_word' id='word_1_192' title='bbox 71 2513 144 2573; x_wconf 91' lang='lat' dir='ltr'><strong>inde</strong></span> <span class='ocrx_word' id='word_1_193' title='bbox 159 2512 272 2587; x_wconf 84' lang='lat' dir='ltr'><strong>exiguo</strong></span> <span class='ocrx_word' id='word_1_194' title='bbox 288 2510 450 2570; x_wconf 90' lang='lat' dir='ltr'><strong>distantem</strong></span> <span class='ocrx_word' id='word_1_195' title='bbox 464 2509 541 2571; x_wconf 88' lang='grc'><strong>11515</strong></span> <span class='ocrx_word' id='word_1_196' title='bbox 557 2512 749 2571; x_wconf 89' lang='lat' dir='ltr'><strong>traiecerunt.</strong></span> <span class='ocrx_word' id='word_1_197' title='bbox 776 2511 985 2588; x_wconf 84' lang='lat' dir='ltr'><strong>Carystiorum</strong></span> <span class='ocrx_word' id='word_1_198' title='bbox 999 2513 1059 2586; x_wconf 89' lang='lat' dir='ltr'><strong>pri·</strong></span> 
     </span>
     <span class='ocr_line' id='line_1_28' title="bbox 70 2593 1061 2671; baseline -0.003 -15"><span class='ocrx_word' id='word_1_199' title='bbox 70 2613 154 2656; x_wconf 87' lang='lat' dir='ltr'><strong>mam</strong></span> <span class='ocrx_word' id='word_1_200' title='bbox 176 2611 269 2671; x_wconf 74' lang='lat' dir='ltr'><strong>agros</strong></span> <span class='ocrx_word' id='word_1_201' title='bbox 290 2601 464 2664; x_wconf 68' lang='grc'><strong>5551515515</strong></span> <span class='ocrx_word' id='word_1_202' title='bbox 494 2593 605 2654; x_wconf 90' lang='lat' dir='ltr'><strong>deinde</strong></span> <span class='ocrx_word' id='word_1_203' title='bbox 625 2595 678 2654; x_wconf 93' lang='lat' dir='ltr'><strong>ubi</strong></span> <span class='ocrx_word' id='word_1_204' title='bbox 700 2595 847 2671; x_wconf 79' lang='lat' dir='ltr'><strong>Carystus</strong></span> <span class='ocrx_word' id='word_1_205' title='bbox 868 2593 1061 2668; x_wconf 86' lang='lat' dir='ltr'><strong>praesidioa</strong></span> 
     </span>
     <span class='ocr_line' id='line_1_29' title="bbox 71 2677 1058 2754; baseline -0.002 -14"><span class='ocrx_word' id='word_1_206' title='bbox 71 2679 218 2741; x_wconf 85' lang='lat' dir='ltr'><strong>Chalcide</strong></span> <span class='ocrx_word' id='word_1_207' title='bbox 233 2679 344 2754; x_wconf 87' lang='lat' dir='ltr'><strong>raptim</strong></span> <span class='ocrx_word' id='word_1_208' title='bbox 358 2680 454 2740; x_wconf 92' lang='lat' dir='ltr'><strong>misso</strong></span> <span class='ocrx_word' id='word_1_209' title='bbox 469 2678 558 2738; x_wconf 88' lang='lat' dir='ltr'><strong>flrma</strong></span> <span class='ocrx_word' id='word_1_210' title='bbox 572 2679 641 2738; x_wconf 92' lang='lat' dir='ltr'><strong>visa</strong></span> <span class='ocrx_word' id='word_1_211' title='bbox 655 2685 718 2751; x_wconf 89' lang='lat' dir='ltr'><strong>est,</strong></span> <span class='ocrx_word' id='word_1_212' title='bbox 736 2677 775 2737; x_wconf 91' lang='grc'><strong>51</strong></span> <span class='ocrx_word' id='word_1_213' title='bbox 788 2677 937 2736; x_wconf 84' lang='lat' dir='ltr'><strong>Eretriam</strong></span> <span class='ocrx_word' id='word_1_214' title='bbox 952 2692 1058 2738; x_wconf 91' lang='lat' dir='ltr'><strong>acces·</strong></span> 
     </span>
     <span class='ocr_line' id='line_1_30' title="bbox 69 2760 1059 2838; baseline -0.004 -14"><span class='ocrx_word' id='word_1_215' title='bbox 69 2771 188 2825; x_wconf 83' lang='lat' dir='ltr'><strong>serrmt.</strong></span> <span class='ocrx_word' id='word_1_216' title='bbox 213 2764 327 2824; x_wconf 86' lang='lat' dir='ltr'><strong>eodem</strong></span> <span class='ocrx_word' id='word_1_217' title='bbox 346 2770 376 2824; x_wconf 89' lang='lat' dir='ltr'><strong>et</strong></span> <span class='ocrx_word' id='word_1_218' title='bbox 389 2764 422 2824; x_wconf 93' lang='lat' dir='ltr'><strong>L.</strong></span> <span class='ocrx_word' id='word_1_219' title='bbox 437 2763 596 2838; x_wconf 81' lang='lat' dir='ltr'><strong>Quinctius</strong></span> <span class='ocrx_word' id='word_1_220' title='bbox 613 2777 682 2822; x_wconf 89' lang='lat' dir='ltr'><strong>cum</strong></span> <span class='ocrx_word' id='word_1_221' title='bbox 696 2762 733 2822; x_wconf 89' lang='lat' dir='ltr'><strong>iis</strong></span> <span class='ocrx_word' id='word_1_222' title='bbox 749 2760 896 2836; x_wconf 82' lang='lat' dir='ltr'><strong>nauibus,</strong></span> <span class='ocrx_word' id='word_1_223' title='bbox 919 2777 999 2836; x_wconf 90' lang='lat' dir='ltr'><strong>quae</strong></span> <span class='ocrx_word' id='word_1_224' title='bbox 1012 2761 1059 2821; x_wconf 90' lang='lat' dir='ltr'><strong>Pi-</strong></span> 
     </span>
     <span class='ocr_line' id='line_1_31' title="bbox 69 2846 1061 2922; baseline 0 -14"><span class='ocrx_word' id='word_1_225' title='bbox 69 2849 307 2920; x_wconf 83' lang='grc'><strong>155511551551,</strong></span> <span class='ocrx_word' id='word_1_226' title='bbox 328 2849 421 2908; x_wconf 85' lang='lat' dir='ltr'><strong>Attali</strong></span> <span class='ocrx_word' id='word_1_227' title='bbox 435 2848 517 2922; x_wconf 82' lang='lat' dir='ltr'><strong>regis</strong></span> <span class='ocrx_word' id='word_1_228' title='bbox 532 2847 666 2907; x_wconf 88' lang='lat' dir='ltr'><strong>adventu</strong></span> <span class='ocrx_word' id='word_1_229' title='bbox 681 2847 785 2906; x_wconf 86' lang='lat' dir='ltr'><strong>audito</strong></span> <span class='ocrx_word' id='word_1_230' title='bbox 801 2846 1008 2921; x_wconf 75' lang='grc'><strong>1551155515,</strong></span> <span class='ocrx_word' id='word_1_231' title='bbox 1026 2855 1061 2908; x_wconf 89' lang='lat' dir='ltr'><strong>ut</strong></span> 
     </span>
     <span class='ocr_line' id='line_1_32' title="bbox 70 2931 1058 3008; baseline 0 -16"><span class='ocrx_word' id='word_1_232' title='bbox 70 2947 216 3008; x_wconf 85' lang='lat' dir='ltr'><strong>quaeque</strong></span> <span class='ocrx_word' id='word_1_233' title='bbox 237 2947 276 2990; x_wconf 88' lang='lat' dir='ltr'><strong>ex</strong></span> <span class='ocrx_word' id='word_1_234' title='bbox 293 2947 355 2992; x_wconf 89' lang='lat' dir='ltr'><strong>sua</strong></span> <span class='ocrx_word' id='word_1_235' title='bbox 376 2934 478 2992; x_wconf 83' lang='lat' dir='ltr'><strong>classe</strong></span> <span class='ocrx_word' id='word_1_236' title='bbox 492 2933 650 2991; x_wconf 86' lang='lat' dir='ltr'><strong>venissent</strong></span> <span class='ocrx_word' id='word_1_237' title='bbox 665 2947 777 3004; x_wconf 90' lang='lat' dir='ltr'><strong>naves,</strong></span> <span class='ocrx_word' id='word_1_238' title='bbox 801 2931 958 2992; x_wconf 86' lang='lat' dir='ltr'><strong>Euboeam</strong></span> <span class='ocrx_word' id='word_1_239' title='bbox 973 2938 1058 3007; x_wconf 91' lang='lat' dir='ltr'><strong>pete-</strong></span> 
     </span>
     <span class='ocr_line' id='line_1_33' title="bbox 69 3015 1058 3092; baseline 0 -16"><span class='ocrx_word' id='word_1_240' title='bbox 69 3024 147 3076; x_wconf 87' lang='lat' dir='ltr'><strong>rent.</strong></span> <span class='ocrx_word' id='word_1_241' title='bbox 177 3016 296 3076; x_wconf 84' lang='lat' dir='ltr'><strong>Eretria</strong></span> <span class='ocrx_word' id='word_1_242' title='bbox 306 3031 430 3076; x_wconf 52' lang='lat' dir='ltr'><strong>&#39;summa</strong></span> <span class='ocrx_word' id='word_1_243' title='bbox 443 3015 474 3075; x_wconf 90' lang='lat' dir='ltr'><strong>vi</strong></span> <span class='ocrx_word' id='word_1_244' title='bbox 489 3017 739 3092; x_wconf 76' lang='lat' dir='ltr'><strong>oppugnabatum</strong></span> <span class='ocrx_word' id='word_1_245' title='bbox 760 3031 830 3074; x_wconf 91' lang='lat' dir='ltr'><strong>nam</strong></span> <span class='ocrx_word' id='word_1_246' title='bbox 843 3021 876 3075; x_wconf 91' lang='lat' dir='ltr'><strong>et</strong></span> <span class='ocrx_word' id='word_1_247' title='bbox 889 3016 977 3076; x_wconf 90' lang='lat' dir='ltr'><strong>trium</strong></span> <span class='ocrx_word' id='word_1_248' title='bbox 992 3017 1058 3076; x_wconf 88' lang='lat' dir='ltr'><strong>iun-</strong></span> 
     </span>
     <span class='ocr_line' id='line_1_34' title="bbox 69 3100 1059 3176; baseline -0.002 -16"><span class='ocrx_word' id='word_1_249' title='bbox 69 3108 189 3161; x_wconf 89' lang='lat' dir='ltr'><strong>ctarum</strong></span> <span class='ocrx_word' id='word_1_250' title='bbox 215 3101 360 3160; x_wconf 85' lang='lat' dir='ltr'><strong>classium</strong></span> <span class='ocrx_word' id='word_1_251' title='bbox 384 3113 481 3160; x_wconf 88' lang='lat' dir='ltr'><strong>naves</strong></span> <span class='ocrx_word' id='word_1_252' title='bbox 506 3100 605 3160; x_wconf 90' lang='lat' dir='ltr'><strong>omnis</strong></span> <span class='ocrx_word' id='word_1_253' title='bbox 630 3101 753 3176; x_wconf 77' lang='lat' dir='ltr'><strong>generis</strong></span> <span class='ocrx_word' id='word_1_254' title='bbox 776 3106 925 3161; x_wconf 89' lang='lat' dir='ltr'><strong>tormenta</strong></span> <span class='ocrx_word' id='word_1_255' title='bbox 945 3101 1059 3160; x_wconf 86' lang='lat' dir='ltr'><strong>machi·</strong></span> 
     </span>
     <span class='ocr_line' id='line_1_35' title="bbox 68 3183 1058 3260; baseline -0.003 -16"><span class='ocrx_word' id='word_1_256' title='bbox 68 3200 191 3260; x_wconf 91' lang='lat' dir='ltr'><strong>nasque</strong></span> <span class='ocrx_word' id='word_1_257' title='bbox 203 3185 244 3244; x_wconf 91' lang='lat' dir='ltr'><strong>ad</strong></span> <span class='ocrx_word' id='word_1_258' title='bbox 254 3184 375 3245; x_wconf 82' lang='lat' dir='ltr'><strong>urbium</strong></span> <span class='ocrx_word' id='word_1_259' title='bbox 387 3184 508 3244; x_wconf 87' lang='lat' dir='ltr'><strong>excidia</strong></span> <span class='ocrx_word' id='word_1_260' title='bbox 516 3199 625 3244; x_wconf 36' lang='lat' dir='ltr'><strong>*secum</strong></span> <span class='ocrx_word' id='word_1_261' title='bbox 637 3185 808 3260; x_wconf 73' lang='lat' dir='ltr'><strong>portabant,</strong></span> <span class='ocrx_word' id='word_1_262' title='bbox 816 3189 847 3244; x_wconf 83' lang='lat' dir='ltr'><strong>et</strong></span> <span class='ocrx_word' id='word_1_263' title='bbox 856 3183 921 3258; x_wconf 77' lang='lat' dir='ltr'><strong>agri</strong></span> <span class='ocrx_word' id='word_1_264' title='bbox 933 3184 1058 3242; x_wconf 86' lang='grc'><strong>5115115</strong></span> 
     </span>
     <span class='ocr_line' id='line_1_36' title="bbox 68 3265 1059 3346; baseline -0.006 -16"><span class='ocrx_word' id='word_1_265' title='bbox 68 3268 217 3330; x_wconf 87' lang='lat' dir='ltr'><strong>materiae</strong></span> <span class='ocrx_word' id='word_1_266' title='bbox 235 3267 428 3346; x_wconf 86' lang='lat' dir='ltr'><strong>praebebant</strong></span> <span class='ocrx_word' id='word_1_267' title='bbox 447 3268 488 3328; x_wconf 85' lang='lat' dir='ltr'><strong>ad</strong></span> <span class='ocrx_word' id='word_1_268' title='bbox 503 3283 587 3328; x_wconf 90' lang='lat' dir='ltr'><strong>nova</strong></span> <span class='ocrx_word' id='word_1_269' title='bbox 600 3269 755 3330; x_wconf 84' lang='lat' dir='ltr'><strong>molienda</strong></span> <span class='ocrx_word' id='word_1_270' title='bbox 771 3284 875 3344; x_wconf 89' lang='lat' dir='ltr'><strong>opera.</strong></span> <span class='ocrx_word' id='word_1_271' title='bbox 910 3265 1059 3340; x_wconf 90' lang='lat' dir='ltr'><strong>oppidani</strong></span> 
     </span>
     <span class='ocr_line' id='line_1_37' title="bbox 69 3349 1058 3429; baseline -0.003 -16"><span class='ocrx_word' id='word_1_272' title='bbox 69 3353 172 3428; x_wconf 84' lang='lat' dir='ltr'><strong>primo</strong></span> <span class='ocrx_word' id='word_1_273' title='bbox 190 3353 275 3414; x_wconf 88' lang='lat' dir='ltr'><strong>haud</strong></span> <span class='ocrx_word' id='word_1_274' title='bbox 295 3353 424 3429; x_wconf 76' lang='lat' dir='ltr'><strong>impigre</strong></span> <span class='ocrx_word' id='word_1_275' title='bbox 438 3353 601 3413; x_wconf 88' lang='lat' dir='ltr'><strong>tuebantur</strong></span> <span class='ocrx_word' id='word_1_276' title='bbox 613 3352 751 3422; x_wconf 86' lang='lat' dir='ltr'><strong>moenia;</strong></span> <span class='ocrx_word' id='word_1_277' title='bbox 775 3351 845 3411; x_wconf 91' lang='lat' dir='ltr'><strong>dein</strong></span> <span class='ocrx_word' id='word_1_278' title='bbox 861 3350 937 3409; x_wconf 87' lang='lat' dir='ltr'><strong>sessi</strong></span> <span class='ocrx_word' id='word_1_279' title='bbox 952 3349 1058 3410; x_wconf 86' lang='lat' dir='ltr'><strong>vulne·</strong></span> 
     </span>
     <span class='ocr_line' id='line_1_38' title="bbox 67 3433 1057 3514; baseline -0.001 -19"><span class='ocrx_word' id='word_1_280' title='bbox 67 3438 191 3513; x_wconf 86' lang='lat' dir='ltr'><strong>ratique</strong></span> <span class='ocrx_word' id='word_1_281' title='bbox 217 3437 348 3514; x_wconf 86' lang='lat' dir='ltr'><strong>aliquot,</strong></span> <span class='ocrx_word' id='word_1_282' title='bbox 374 3453 443 3498; x_wconf 92' lang='lat' dir='ltr'><strong>cum</strong></span> <span class='ocrx_word' id='word_1_283' title='bbox 465 3444 494 3498; x_wconf 89' lang='lat' dir='ltr'><strong>ct</strong></span> <span class='ocrx_word' id='word_1_284' title='bbox 513 3437 591 3496; x_wconf 92' lang='lat' dir='ltr'><strong>muri</strong></span> <span class='ocrx_word' id='word_1_285' title='bbox 613 3444 729 3511; x_wconf 88' lang='lat' dir='ltr'><strong>partem</strong></span> <span class='ocrx_word' id='word_1_286' title='bbox 750 3449 890 3494; x_wconf 87' lang='lat' dir='ltr'><strong>eversam</strong></span> <span class='ocrx_word' id='word_1_287' title='bbox 911 3433 1057 3508; x_wconf 90' lang='lat' dir='ltr'><strong>operibus</strong></span> 
     </span>
     <span class='ocr_line' id='line_1_39' title="bbox 68 3517 1057 3596; baseline -0.002 -17"><span class='ocrx_word' id='word_1_288' title='bbox 68 3521 205 3584; x_wconf 91' lang='lat' dir='ltr'><strong>hostium</strong></span> <span class='ocrx_word' id='word_1_289' title='bbox 221 3529 395 3596; x_wconf 74' lang='lat' dir='ltr'><strong>censerent,</strong></span> <span class='ocrx_word' id='word_1_290' title='bbox 417 3521 456 3580; x_wconf 87' lang='lat' dir='ltr'><strong>ad</strong></span> <span class='ocrx_word' id='word_1_291' title='bbox 472 3521 658 3580; x_wconf 87' lang='lat' dir='ltr'><strong>deditionem</strong></span> <span class='ocrx_word' id='word_1_292' title='bbox 673 3520 864 3580; x_wconf 89' lang='lat' dir='ltr'><strong>inclinarunt.</strong></span> <span class='ocrx_word' id='word_1_293' title='bbox 896 3517 953 3578; x_wconf 91' lang='lat' dir='ltr'><strong>sed</strong></span> <span class='ocrx_word' id='word_1_294' title='bbox 967 3533 1057 3592; x_wconf 90' lang='lat' dir='ltr'><strong>prac-</strong></span> 
     </span>
    </p>
   </div>
   <div class='ocr_carea' id='block_1_2' title="bbox 0 0 1246 3900">
    <p class='ocr_par' dir='ltr' id='par_1_4' title="bbox 0 0 1246 3900">
     <span class='ocr_line' id='line_1_40' title="bbox 0 0 1246 3900; baseline 0 2"><span class='ocrx_word' id='word_1_295' title='bbox 0 0 1246 3900; x_wconf 95' lang='lat' dir='ltr'><strong> </strong></span> 
     </span>
    </p>
   </div>
  </div>
 </body>
</html>
