2482 3900
182 221 226 286 42
337 219 453 282 LIBER
467 219 571 280 XXXI.
593 216 676 278 CAP.
691 225 734 280 46.
746 223 789 279 tt.
812 221 849 290 [ι.
861 221 896 274 U.
909 239 933 274 c.
944 221 1007 288 552]

180 375 240 435 alio
254 370 336 434 omni
347 386 461 447 genere
472 375 692 431 tormentorum
699 368 763 430 tela
774 368 959 443 ingerentes.
982 374 1014 428 et
1024 368 1158 443 pondere

181 457 296 532 ingenti
316 471 395 516 saxa
418 454 584 526 iaciebant,
611 461 641 514 et
655 451 830 526 cuniculos,
855 459 887 512 et
907 450 1060 527 quidquid
1079 451 1158 514 alud

77 589 79 594 .
177 541 284 618 priore
308 539 538 614 oppugnatione
562 541 722 612 expertum
747 537 914 611 promorat
946 543 1081 596 ceterum
1099 551 1158 598 non

177 625 285 700 plures
300 631 415 684 tantum
424 621 614 682 Macedones
629 635 722 696 quam
735 628 806 680 ante
820 619 982 680 tuebantur
995 619 1102 680 urbem
1113 637 1158 681 ar·

177 723 311 784 eesque,
332 706 495 767 sedetiam
512 704 774 782 praesentioribus
789 703 898 764 animis
913 711 943 764 et
957 703 1157 780 castigationi·

176 791 237 853 bus
257 791 340 866 regis
361 791 392 850 in
412 790 548 850 admissa
568 791 660 866 culpa
674 796 705 849 et
718 788 808 849 simul
822 789 973 849 minarum
987 788 1078 850 simul
1091 804 1159 864 pro·

179 876 345 936 missorum
359 874 391 934 in
406 875 539 935 llrturum
551 888 713 935 memores.
734 872 839 950 itaque
854 887 923 932 cum
938 878 1060 948 praeter
1074 887 1159 948 spem

178 969 300 1034 tempus
314 959 356 1019 ibi
369 957 549 1032 traheretur,
564 959 699 1034 plusque
712 957 743 1016 in
757 956 920 1018 obsidione
932 964 963 1016 et
972 955 1003 1016 in
1015 955 1159 1031 operibus

179 1059 273 1119 quam
293 1043 324 1102 in
339 1043 572 1119 oppugnatione
593 1042 685 1104 celeri
699 1041 768 1117 spei
783 1046 881 1115 esset,
902 1039 1021 1100 iuterim
1036 1047 1067 1101 et
1079 1041 1160 1102 aliud

179 1129 229 1202 agi
244 1141 341 1202 posse
357 1133 444 1188 ratus
458 1127 594 1204 legatus,
615 1126 730 1188 relictis
747 1133 823 1201 quot
836 1125 912 1186 satis
927 1123 1108 1186 videbantur
1121 1126 1161 1186 ad

180 1227 277 1286 opera
300 1211 490 1288 perficienda
514 1210 613 1272 traicit
631 1211 663 1270 in
687 1212 829 1286 proxima
853 1208 1051 1284 oontlueutls,
1077 1209 1160 1272 Lari-

178 1311 372 1374 samque—
387 1312 449 1356 non
469 1295 552 1356 illam
573 1295 604 1354 iu
626 1294 787 1356 Thessalia
805 1294 939 1355 nobilem
962 1293 1082 1367 urbem,
1103 1293 1162 1354 sed

177 1379 313 1451 alteram,
333 1395 425 1455 quam
440 1379 615 1439 Cremasten
629 1385 797 1440 vocant-
806 1378 908 1440 subito
922 1378 1057 1438 adventu
1070 1392 1161 1452 prae-

177 1471 225 1524 ter
244 1479 346 1524 arcem
367 1463 456 1538 cepit.
491 1462 612 1522 Attalus
634 1477 760 1538 quoque
774 1463 947 1538 Aegaleon,
970 1461 1044 1522 nihil
1059 1461 1160 1522 miuus

178 1563 271 1622 quam
285 1547 345 1606 tale
364 1547 528 1621 quicquam
541 1545 571 1605 in
584 1546 708 1607 alterius
720 1546 950 1623 oppugnatione
959 1544 1045 1607 urbis
1055 1545 1160 1606 dmen-

176 1631 274 1702 tibus,
296 1630 461 1704 oppressit.
494 1636 525 1689 et
538 1631 599 1690 iam
614 1646 684 1691 cum
699 1646 796 1707 opera
809 1633 839 1690 in
854 1629 967 1692 ellectu
980 1635 1066 1691 erant
1079 1629 1163 1690 circa

178 1712 301 1788 Oreum,
319 1722 383 1774 tum
396 1713 594 1789 praesidium,
611 1715 697 1790 quod
711 1717 792 1776 intus
808 1721 881 1790 crat,
896 1713 1004 1775 labore
1017 1713 1161 1787 adsiduo,

176 1797 287 1871 vigiliis
314 1797 432 1858 diurnis
459 1797 574 1873 pariter
594 1799 817 1876 nocturnisque
837 1806 868 1860 et
887 1798 1065 1859 vulneribus
1087 1813 1159 1858 con-

177 1883 298 1942 lectum.
325 1881 403 1942 mmi
424 1897 550 1958 quoque
570 1899 644 1958 pars
665 1883 759 1946 ariete
774 1884 901 1944 incusso
917 1882 1044 1944 subruta
1058 1881 1162 1942 mulus

177 1965 239 2028 iam
263 1965 341 2026 locis
361 1967 553 2040 prociderat,
584 1982 703 2043 perque
725 1974 865 2044 apertum
885 1966 974 2026 ruina
993 1966 1051 2026 iter
1070 1973 1164 2026 nocte

175 2049 306 2110 Romani
325 2049 355 2108 in
371 2067 487 2126 arcem,
511 2065 590 2125 quae
610 2067 705 2126 super
725 2059 848 2127 portum
862 2057 924 2124 est,
945 2057 1161 2126 perruperunt.

179 2135 297 2194 Attalus
312 2135 381 2195 luce
395 2135 494 2210 prima
508 2134 598 2209 signo
613 2150 653 2194 ex
668 2149 740 2195 arce
755 2136 827 2196 dato
843 2133 881 2196 ab
892 2134 1039 2195 Romanis
1051 2134 1164 2209 etipse

174 2217 282 2277 urbem
296 2218 417 2294 invasit,
432 2219 535 2280 stratis
550 2233 662 2293 magna
676 2235 717 2280 ex
730 2227 817 2296 parte
831 2218 943 2287 murier
969 2217 1162 2294 praesidium

177 2301 387 2378 oppidanique
411 2304 442 2362 in
466 2317 569 2362 arcem
598 2304 723 2363 alteram
748 2305 927 2378 perfugere,
955 2303 1040 2364 unde
1063 2301 1162 2362 biduo

175 2394 249 2461 post
271 2385 385 2448 deditio
408 2389 497 2448 lacta.
525 2387 599 2448 urbs
619 2387 700 2462 regi,
724 2388 848 2462 captiva
865 2403 997 2462 corpora
1012 2384 1163 2447 Romanis

174 2482 311 2530 cessere.

258 2553 376 2614 XLVII.
397 2555 461 2615 lam
479 2556 652 2616 autumnale
666 2555 894 2631 aequinoctium
907 2555 1053 2616 instabat:
1071 2560 1103 2614 et
1114 2559 1166 2612 est

174 2637 332 2700 Euboicus
352 2638 454 2712 sinus,
483 2655 574 2713 quem
595 2637 687 2700 coela
706 2646 833 2714 vocant,
860 2646 1026 2717 suspectus
1048 2637 1164 2698 nautis.

174 2721 279 2795 itaque
303 2728 374 2782 ante
392 2721 539 2783 hiemales
560 2731 662 2783 motus
683 2724 816 2784 evadere
835 2723 908 2784 inde
933 2721 1093 2798 cupientes
1115 2719 1165 2780 Pi-

174 2818 314 2878 raeeum,
336 2804 419 2866 unde
438 2806 569 2879 protecti
589 2807 629 2865 ad
643 2806 756 2868 bellum
771 2815 871 2884 erant,
891 2813 1043 2884 repetunt.
1071 2807 1163 2880 Apu-

175 2886 268 2960 stius,
289 2887 411 2962 triginta
431 2888 561 2948 navibus
582 2888 624 2948 ibi
645 2890 758 2952 relictis
780 2907 876 2967 super
889 2891 1020 2951 Maleam
1035 2889 1168 2964 navigat

172 2969 351 3048 Corcyram.
386 2986 492 3046 regem
506 2979 618 3033 statum
632 2972 786 3035 initiorum
802 2975 934 3048 Cereris,
953 2973 1099 3036 uisceris
1117 2973 1166 3032 in-

174 3061 320 3130 teresset,
340 3055 452 3125 tenuitr
476 3057 645 3118 secundum
660 3057 744 3119 initia
760 3066 790 3120 et
810 3061 923 3135 ipsein
938 3058 1045 3119 Asiam
1060 3072 1097 3117 se
1113 3071 1166 3116 re-

174 3139 257 3215 cepit
269 3139 485 3214 Agesimbroto
508 3149 538 3203 et
550 3140 680 3202 Rhodiis
702 3143 826 3204 domum
844 3143 993 3204 remissis.
1022 3142 1101 3201 baec
1126 3155 1167 3199 ea

173 3229 291 3286 aestate
304 3232 386 3285 terra
399 3223 538 3301 marique
553 3226 704 3288 adversus
719 3227 893 3304 Philippum
906 3227 1075 3302 sociosque
1090 3223 1165 3284 eius

171 3309 213 3368 ab
229 3311 356 3370 consule
371 3310 515 3384 allegato
529 3310 676 3371 Romanis
693 3312 909 3374 adiuvantibus
923 3327 997 3386 rege
1008 3309 1117 3370 Attalo
1134 3315 1166 3366 et

172 3391 302 3452 Rhodiis
317 3400 414 3466 gesta.

256 3474 371 3535 consul
393 3477 468 3538 alter
487 3475 519 3537 C.
534 3479 678 3540 Aurelius
701 3480 739 3538 ad
763 3480 934 3541 conlectum
954 3480 1070 3540 bellum
1088 3493 1164 3541 cum
