2506 3898
188 177 253 244 aas
313 177 600 240 amnaxxxvnr.
626 178 823 242 carmes.
847 182 1045 252 [nomes]

189 331 254 405 riri,
268 338 299 391 ct
312 329 454 391 advocati
469 327 604 405 privatis,
626 335 657 388 ct
671 327 744 403 quia
758 327 908 404 aeranem
923 343 1051 390 causam
1065 344 1165 390 corum

188 413 227 476 ad
242 413 471 488 rempublicam
483 412 658 474 censebant
676 427 842 487 nunquam
852 411 1068 474 dimanantes
1077 412 1166 474 lace·

188 497 418 560 meatorum
430 496 548 558 Achaei
562 511 668 557 secum
682 495 873 558 adduxerant
886 495 917 556 iu
931 495 1018 568 linis,
1039 493 1114 570 quic
1127 496 1167 555 ni·
1234 539 1235 542 ι

188 581 230 642 bil
253 595 355 656 aeque
376 580 577 642 elimatam
600 581 722 640 aniame
742 579 872 642 ciuitatis
892 578 1073 647 videbatar3
1101 585 1169 640 tuuc

188 663 342 726 eamdam
361 664 455 726 lodus
474 678 574 740 prone
593 661 784 738 anmabuani
805 663 932 724 casales
950 668 1046 722 mant„
1074 661 1106 722 bi
1119 677 1167 720 ve

188 747 341 808 aientibus
363 747 615 808 Lacedaemoniis
646 745 687 808 ad
712 755 829 821 mnam
854 751 1026 808 castrorum
1051 745 1169 820 aemma

188 832 269 894 tecto
283 837 496 900 occurreranta
518 837 549 890 ct
562 830 661 904 orinia
675 831 830 892 lacessere
852 828 972 904 iuratis,
995 826 1110 892 deiude
1129 830 1168 889 at-

186 913 352 976 tercatione
366 921 444 990 orta
458 929 527 976 cem
541 913 780 974 accenderentur
795 914 868 984 irae
883 912 1067 974 tenociasimi
1078 927 1168 972 exsu-

187 998 250 1060 lum
263 997 410 1072 imamunt
424 997 454 1058 ia
465 996 726 1060 Lacedaemonios
742 997 886 1058 taceant.
909 1011 978 1056 aun
992 995 1034 1056 illi
1051 995 1130 1058 deos
1141 1002 1168 1054 et

188 1079 281 1142 tidem
301 1081 470 1156 legatarum
490 1087 688 1153 testarentur,
710 1087 742 1140 et
757 1080 847 1153 legati
861 1086 895 1140 ct
903 1086 1025 1154 praetor
1035 1094 1170 1140 summo-
1235 1103 1236 1164 ι

189 1180 261 1226 uere
280 1165 386 1226 ambos
406 1171 437 1226 et
456 1172 617 1241 protegere
630 1163 890 1224 Lacedaemonios
912 1163 1101 1238 vinculaque
1112 1162 1169 1224 bnt

188 1249 340 1324 quasdam
365 1247 516 1310 iniciends
541 1262 657 1308 aroma
687 1247 845 1308 crescebat
868 1248 996 1310 tunultu
1016 1248 1170 1308 concitato

188 1332 291 1394 turba:
323 1337 354 1392 et
376 1331 493 1396 Achaei
517 1330 558 1394 ad
582 1331 790 1406 spectaculum
813 1330 910 1406 primo
936 1330 1169 1392 concurrebant

187 1414 298 1476 deinde
321 1414 559 1478 vooitcrmttbus
585 1412 746 1474 exsulibus
769 1429 849 1488 quac
876 1413 962 1489 passi
994 1414 1111 1486 tarent,
1140 1421 1168 1474 et

186 1497 346 1562 arentibus
366 1512 456 1572 opem
477 1495 770 1570 adfirmantibusque
790 1497 880 1556 sanat
897 1513 1066 1572 numquam
1080 1499 1166 1559 amnt

186 1581 381 1646 occasionem
400 1578 574 1652 babituros,
599 1578 627 1640 si
648 1593 714 1638 cam
735 1579 1029 1654 praetermisissent;
1059 1579 1167 1643 taedas

186 1663 270 1739 quod
283 1663 315 1722 in
330 1663 493 1738 capitolio,
516 1663 598 1738 quod
616 1660 790 1740 Olympiae,
811 1662 894 1737 qaod
908 1663 938 1722 in
952 1678 1025 1725 arce
1039 1663 1167 1728 athenis
1236 1693 1237 1710 ι

185 1753 338 1812 sacratarn
357 1747 480 1821 luisset,
500 1747 618 1810 irritum
637 1761 693 1822 per
713 1744 783 1810 illos
803 1761 889 1816 esser
912 1747 1093 1822 adamatur
1108 1745 1165 1806 aba

186 1829 226 1894 ds
241 1829 360 1906 tnarro
375 1831 501 1896 tondere
522 1830 742 1905 obligarentur,
763 1830 874 1893 noxios
889 1830 1065 1906 puniendos
1080 1845 1168 1892 assez

184 1929 318 1981 mense
329 1914 378 1980 bis
393 1914 522 1982 vocibus
535 1913 695 1976 mulititudo
710 1914 750 1974 ad
766 1928 873 1980 vocem
888 1914 994 1987 unius,
1010 1913 1064 1989 qui
1078 1920 1113 1982 ut.
1124 1913 1165 1972 ie-

185 1997 279 2061 rireut
292 1998 475 2074 inclamavit,
498 2014 575 2064 esta
589 1997 729 2060 coniecit.
752 2005 844 2074 atque
859 1995 901 2062 iu
915 1998 1023 2064 decem
1037 2004 1167 2074 mnam,

184 2081 296 2158 quibus
312 2083 434 2147 macaria
448 2098 504 2157 per
519 2082 677 2144 mmutturn
690 2081 802 2144 iniecta
815 2086 908 2153 mant,
923 2079 1077 2146 interfecti
1087 2089 1168 2146 suna

183 2165 342 2239 sexaginta
355 2174 418 2228 tres
433 2171 558 2240 postero
572 2164 623 2224 die
637 2163 861 2240 comprehensi,
882 2181 901 2230 a
916 2164 1027 2240 quibus
1043 2169 1168 2240 praetor
1237 2223 1238 2230 ,

183 2245 244 2310 vim
258 2254 399 2310 amarat
409 2262 470 2308 aon
483 2248 555 2323 qaia
569 2247 673 2310 salvos
688 2248 787 2321 veliet,
803 2248 859 2312 sed
876 2248 948 2324 quia
958 2248 1061 2324 perire
1073 2263 1169 2310 caasa

182 2325 296 2394 indicta
317 2329 454 2403 notabat,
481 2329 591 2395 obiecti
611 2329 793 2396 multitudini
817 2332 927 2408 iratae,
954 2348 1023 2396 caat
1049 2332 1168 2394 aversis

182 2410 308 2477 auribus
324 2429 424 2489 pauca
438 2413 531 2480 locuti
544 2421 658 2489 essent,
674 2414 806 2480 dauraati
821 2430 928 2476 omncs
943 2423 975 2476 ct
985 2415 1085 2476 traditi
1098 2421 1169 2475 sunt

183 2497 223 2558 ad
238 2498 434 2576 supplicium.
454 2499 587 2562 XXXIV.
607 2498 668 2560 hoc
691 2504 775 2564 metu
787 2497 898 2562 iniecto
913 2498 1168 2566 Lacedaemoniis

185 2579 365 2657 imperatum
381 2583 518 2658 primurn,
533 2582 576 2646 uti
590 2598 697 2644 muros
712 2581 875 2656 diruerent,
891 2583 1002 2644 dando
1016 2590 1050 2647 ut
1061 2598 1169 2646 omnes

182 2663 302 2730 externi
314 2665 487 2740 auxiliares,
504 2666 557 2742 qui
568 2665 710 2729 mercede
721 2665 805 2740 apud
817 2672 966 2744 tyrannos
977 2666 1170 2739 umescant,

184 2753 264 2810 terra
278 2747 431 2812 Laconica
451 2749 649 2822 excederent,
672 2755 735 2812 tum
752 2749 796 2808 uti
811 2765 891 2824 quae
906 2749 1031 2811 servitia
1045 2749 1169 2828 tyranni

182 2827 365 2894 liberassent
376 2867 420 2882 -·-
433 2845 471 2892 ea
484 2845 596 2904 magna
608 2831 768 2894 multitudo
783 2840 849 2894 erat
864 2867 902 2881 --
918 2833 1086 2897 antediem
1102 2848 1167 2894 cer·

181 2917 243 2972 mur
257 2909 384 2986 abirent.
399 2912 453 2989 qai
465 2910 508 2974 ibi
522 2913 715 2988 mansissent,
735 2931 790 2978 eos
805 2917 975 2992 prendendi
989 2916 1166 2983 abducendi

181 2993 335 3058 vendendi
359 2995 494 3059 dabacis
525 2994 574 3062 ius
599 3005 692 3060 essct
725 2999 858 3078 Lycurgi
886 3003 972 3078 leges
999 3015 1170 3077 morasque

181 3080 374 3154 abrogarent,
399 3078 595 3146 Achaeorum
620 3083 841 3144 adsuescerent
865 3084 985 3159 legibus
1008 3082 1167 3148 institutis·

179 3177 260 3240 eucs
282 3163 324 3232 tta
338 3163 429 3230 unius
443 3179 499 3225 eos
514 3165 655 3240 corporis
670 3165 746 3240 tore,
760 3167 844 3228 etde
858 3167 1110 3232 omnibns'rebus
1125 3167 1167 3230 ia-

180 3245 270 3310 cilius
295 3261 514 3314 consensuros.
543 3247 617 3308 nibil
642 3247 836 3312 obedientius
860 3251 999 3314 lecerunt
1023 3267 1119 3327 quam
1135 3257 1169 3310 ut

180 3343 286 3394 muros
306 3331 475 3405 minarent,
501 3346 559 3391 nec
580 3332 703 3408 nemius
724 3333 812 3408 pessi
831 3341 902 3397 sunt
922 3351 1013 3409 quant
1039 3335 1166 3400 exsudes

179 3409 295 3468 reduci.
317 3413 473 3474 decretum
483 3415 602 3489 Tegeae
617 3415 650 3474 in
665 3415 795 3476 concilio
806 3418 958 3480 communi
969 3417 1165 3480 Achaeorum
