2480 3904
157 160 220 224 2⁰0
312 162 427 222 LIBER
438 161 558 220 XXXV.
580 159 662 220 CAl'.
674 165 718 220 28.
730 165 774 220 29.
798 161 834 230 [a.
849 161 883 212 U.
896 179 920 213 c.
934 156 997 225 56⁰]

155 315 307 390 utrimque
329 327 398 372 eum
418 312 573 386 praesidio
596 309 672 370 levis
694 316 867 370 armaturae
882 305 988 384 aquati
1004 313 1093 379 sunt;
1116 324 1146 366 er

156 399 351 474 priusquam,
368 395 470 470 qualia
484 393 667 470 propinquis
685 393 794 455 castris
811 395 926 464 solent,
945 389 1145 451 contrahere-

154 487 389 552 nuceranae,
411 493 474 539 nox
487 477 658 537 intervenit.
686 484 815 551 postero
834 477 882 536 die
899 474 1073 550 apparebat
1086 491 1146 550 pu·

154 560 309 642 gnandum
321 578 377 638 pro
392 561 591 636 aquatoribus
604 560 687 622 circa
698 559 798 620 rivum
809 574 891 620 esse.
915 565 1008 618 noete
1020 559 1051 616 in
1064 559 1148 617 valle

155 666 173 709 a
188 653 359 722 conspectu
372 645 507 706 hostium
519 659 643 716 aversa,
660 651 805 718 quantam
817 641 1045 702 multitudinem
1056 641 1147 700 locus

155 732 297 792 occidere
311 735 445 804 poterat,
462 727 598 788 condidit
614 734 826 787 caetratorum.
860 725 967 786 XXIX.
990 725 1064 802 luce
1079 732 1148 784 orta

156 813 343 876 Cretensium
357 810 434 872 levis
450 819 604 872 armatura
617 806 813 870 et'Tarentinl
832 809 953 884 equites
969 823 1069 884 super
1084 815 1146 868 tor-

155 905 271 959 rentem
283 896 433 972 proelium
445 895 670 955 commiserunt.
688 894 901 954 Telemnastus
915 892 1076 954 Cretensis
1089 907 1149 968 po·

155 981 313 1058 pularibus
328 979 409 1054 suis,
425 977 578 1055 equitibus
593 979 743 1056 Lycortas
755 977 1040 1052 Megalopolitanus
1057 991 1146 1051 prae·

155 1073 229 1126 erat.
259 1063 420 1126 Cretenses
442 1071 472 1123 et
491 1062 624 1124 hostiurn
651 1061 816 1122 auxiliares
838 1060 1043 1135 equitumque
1065 1060 1147 1120 idem

155 1165 252 1224 genus
267 1146 420 1208 Tarentini
435 1145 590 1222 praesidio
606 1142 807 1221 aquatoribus
823 1150 918 1203 orant.
953 1143 1149 1218 aliquamdiu

156 1233 279 1294 dubium
295 1231 444 1306 proelium
460 1231 516 1290 luit
525 1237 558 1290 ut
569 1229 678 1290 eodem
691 1244 730 1288 cx
743 1237 829 1302 parte
840 1235 973 1302 utraque
985 1226 1149 1288 hominum

155 1331 268 1391 genere
280 1323 310 1376 et
321 1313 413 1374 armis
426 1314 568 1389 paribus:
590 1311 778 1388 procedente
790 1309 958 1372 certamine
970 1317 1001 1370 et
1014 1325 1148 1370 numero

155 1397 258 1458 vicere
272 1397 393 1476 tyranni
408 1397 588 1470 auxiliares,
604 1403 633 1455 et
648 1395 720 1468 quia
734 1395 775 1454 ita
790 1399 993 1470 praeceptum
1011 1393 1148 1455 aPhilo-

156 1497 305 1556 poemene
317 1480 481 1560 praelectis
492 1485 571 1552 erat,
586 1486 620 1538 ut
630 1479 752 1538 modico
765 1477 847 1538 edito
861 1477 982 1552 proelio
995 1479 1027 1537 in
1041 1478 1148 1552 lugam

155 1564 335 1624 inclinarent
348 1563 530 1636 hostemque
545 1562 585 1620 ad
600 1562 701 1621 locum
719 1561 901 1622 insidiarum
917 1561 1146 1636 pertraherent.

157 1645 256 1706 effuse
270 1644 368 1706 secuti
383 1643 535 1719 fugientes
552 1659 607 1718 per
622 1646 808 1720 convallem,
830 1645 975 1720 plerique
991 1651 1023 1705 et
1036 1645 1146 1706 vulne-

155 1729 210 1788 rati
226 1736 257 1788 et
270 1727 418 1788 interlecti
434 1735 519 1801 sunt,
547 1728 726 1804 priusquam
749 1731 901 1789 occultum
918 1727 1043 1788 bostem
1058 1727 1147 1789 vide·

154 1818 230 1872 rent.
255 1811 377 1872 caetrati
392 1810 447 1885 ita,
471 1819 616 1886 quantum
637 1811 763 1872 latitudo
780 1811 868 1872 vallis
885 1811 1078 1886 patiebatur,
1102 1813 1145 1872 in-

156 1895 261 1955 structi
275 1895 433 1968 sederant,
448 1903 481 1957 ut
493 1895 582 1956 facile
594 1911 650 1971 per
660 1896 817 1956 intervalla
830 1895 973 1956 ordinum
985 1896 1146 1971 lugientes

156 1994 231 2039 snos
245 1978 428 2053 acciperent.
450 1987 640 2053 consurgunt
650 1979 762 2039 deinde
773 1979 833 2054 ipsi
845 1977 971 2054 integri,
987 1987 1146 2048 recentes,

156 2061 308 2132 instrueti3
331 2062 361 2120 in
376 2061 474 2121 hostis
490 2061 697 2135 inordinatoS,
719 2061 854 2135 effusae,
878 2063 986 2122 labore
1004 2063 1102 2122 etiam
1119 2071 1149 2122 et

156 2143 332 2204 vulneribus
354 2145 471 2217 lassos,
497 2145 642 2218 impetum
662 2145 792 2206 iaciunt:
815 2161 873 2206 nec
895 2145 991 2206 dubia
1010 2147 1147 2207 victoria

156 2223 220 2286 luit.
243 2227 395 2300 extemplo
410 2232 495 2301 terga
516 2227 600 2288 dedit
619 2229 742 2308 tyranni
763 2229 867 2303 miles,
889 2236 920 2288 et
940 2229 1026 2290 haud
1049 2231 1147 2306 paulo

157 2307 352 2370 concitatiore
377 2323 470 2370 cursu
493 2325 584 2386 quam
605 2318 729 2373 secutus
751 2321 817 2374 erat
842 2313 964 2388 lugiens
986 2314 1018 2373 in
1042 2321 1148 2374 eastra

156 2397 203 2452 est
218 2393 413 2468 compulsus,
435 2393 520 2454 multi
543 2397 626 2456 caesi
648 2396 792 2472 captique
806 2397 837 2456 in
854 2412 891 2456 ea
907 2398 981 2472 luga
1002 2405 1087 2458 sunt.
1118 2405 1147 2457 et

155 2476 186 2564 ip
207 2477 316 2538 eastris
338 2493 463 2553 quoque
484 2478 563 2540 loret
582 2481 780 2554 trepidatum,
803 2481 833 2540 ni
847 2479 1074 2556 Philopoemen
1097 2497 1146 2540 re-

157 2559 257 2636 ceptui
273 2561 340 2622 cani
354 2562 511 2636 iussisset,
528 2563 597 2624 loca
612 2563 709 2638 magis
726 2563 926 2640 confragosa,
944 2579 1147 2641 quacumque

155 2653 269 2704 temere
284 2645 492 2720 processisset
506 2646 625 2722 iniqua,
643 2663 734 2722 quam
749 2647 869 2708 hostem
884 2655 1038 2710 metuens.

239 2728 313 2786 lnde
327 2733 357 2786 et
371 2743 411 2786 ex
427 2729 548 2788 fortuna
562 2745 684 2804 pugnae
699 2737 730 2790 et
744 2745 783 2790 ex
797 2731 920 2806 ingenio
933 2731 1024 2792 ducis
1039 2731 1144 2793 conie-

156 2814 242 2867 ctans
256 2809 287 2866 in
304 2825 364 2884 quo
380 2817 442 2870 tum
457 2811 483 2870 is
499 2827 616 2885 pavore
637 2821 735 2894 esset,
763 2809 856 2875 unum
879 2813 920 2874 de
939 2815 1145 2876 auxiliaribus

156 2890 261 2962 specie
281 2891 458 2966 transfugae
479 2893 566 2954 mittit
587 2895 626 2954 ad
648 2911 732 2969 eum,
754 2897 806 2972 qui
828 2914 885 2972 pro
909 2906 1072 2972 comperto
1090 2900 1143 2959 ad-

155 2973 404 3051 lerretAchaeos
420 2978 564 3038 statuisse
580 2986 705 3053 postero
726 2979 776 3040 die
798 2981 838 3041 ad
853 2981 990 3042 Eurotan
1009 2998 1142 3056 amnem,

156 3057 207 3130 qui
223 3071 321 3134 prope
336 3059 414 3134 ipsis
429 3060 538 3124 adlluit
557 3063 733 3138 moenibus,
758 3065 919 3140 progredi,
942 3073 976 3126 ut
996 3065 1128 3126 interclu

155 3141 262 3202 derant
282 3144 352 3220 lter,
373 3161 413 3206 ne
433 3154 485 3207 aut
504 3153 669 3226 tyrannuS,
696 3163 764 3206 cum
784 3149 892 3222 vellet,
918 3157 1080 3224 receptum
1102 3149 1143 3208 ad

154 3223 260 3285 urbem
275 3225 416 3306 haberet,
438 3239 490 3291 aut
511 3239 696 3292 commeatus
719 3231 756 3290 ab
779 3231 856 3292 urbe
870 3231 901 3292 in
917 3239 1021 3294 castra
1038 3239 1140 3308 porta-

154 3313 274 3384 rentur,
296 3311 385 3374 simul
407 3314 496 3374 otiam
517 3313 741 3391 temptaturos,
756 3316 782 3375 si
799 3331 931 3390 quorum
946 3313 1039 3376 animi
1055 3316 1137 3378 solli-

156 3387 239 3448 citari
254 3394 294 3452 ad
309 3396 510 3458 delectionem
525 3415 543 3458 a
558 3405 687 3478 tyranno
710 3405 849 3472 possent.
879 3415 940 3459 non
962 3405 1024 3458 tam
1046 3399 1136 3460 fidem
