2482 3900
163 199 205 264 48
320 195 435 256 LIBER
446 191 564 254 XXXII.
583 192 666 253 CAP.
678 201 704 253 2.
715 199 741 254 3.
754 199 780 252 4.
796 198 832 266 [a.
847 197 881 251 U.
893 215 917 252 c.
929 199 992 266 563]

164 368 226 412 non
248 363 320 409 esse
334 355 364 407 et
378 346 531 406 immixtos
547 344 699 420 quosdam
713 360 775 404 non
790 343 838 404 sui
852 345 974 419 generis
988 359 1045 420 pro
1062 347 1147 408 colo-

163 436 211 496 nis
228 449 263 494 se
277 445 393 508 gerere,
409 445 514 490 earum
528 443 631 488 rerum
642 443 738 488 causa
751 427 899 488 tresviros
912 443 1018 488 creare
1027 429 1060 489 L.
1073 430 1139 491 Cor·

163 519 263 578 neilus
278 515 387 575 consul
402 514 517 574 iussus.
546 512 640 573 creati
652 511 685 570 P.
701 517 731 570 et
746 509 816 571 Sex.
832 511 1077 574 Aelii-Paetis
1093 515 1149 576 luit

164 600 316 661 ambobus
337 604 602 674 cognomen-et
622 596 674 656 Cn.
692 595 850 657 Cornelius
871 595 1027 656 Lentulus.
1061 599 1147 674 quod

163 681 384 744 Narniensibus
405 681 509 741 datum
529 687 608 754 erat,
633 685 667 740 ut
687 681 866 740 colonorum
886 695 1030 741 numerus
1052 697 1148 756 cuge·

163 776 255 838 retur,
272 767 303 826 id
319 765 431 826 Cosani
446 771 586 840 petentes
600 780 662 824 non
678 764 926 839 impetraverunt.

247 849 299 909 111.
318 849 424 910 Rebus
437 862 517 923 quac
528 847 644 908 Romae
656 848 795 922 agendae
806 853 893 907 erant
904 847 1057 922 perlectis,
1073 865 1147 910 con-

165 936 250 996 sules
271 933 300 992 in
316 931 492 1008 provincias
509 932 649 1006 proiecti.
680 930 712 990 P.
729 931 868 1006 Villium,
890 932 921 990 in
934 931 1149 993 Macedoniam

165 1034 234 1080 curn
254 1017 405 1087 venisset,
428 1022 517 1077 atrox
537 1016 647 1076 seditio
661 1015 788 1076 militum
801 1016 862 1074 iam
876 1021 947 1076 ante
960 1015 1076 1077 irritata
1090 1032 1148 1078 nec

165 1104 240 1163 satis
255 1101 285 1160 in
301 1101 451 1177 principio
473 1115 653 1175 compressa
673 1100 802 1175 excepit.
839 1097 901 1159 duo
923 1099 1005 1159 milia
1019 1116 1057 1160 ea
1070 1101 1145 1162 mili·

164 1193 228 1247 tum
250 1186 351 1258 luere,
374 1199 455 1259 quae
475 1199 515 1244 ex
528 1184 633 1244 Airica
648 1191 720 1258 post
734 1181 886 1242 devictum
900 1183 1102 1244 Hannibalern
1116 1185 1147 1244 in

166 1269 314 1345 Siciliam
336 1269 408 1330 inde
428 1284 509 1330 anno
531 1269 595 1328 iere
609 1274 681 1342 post
694 1267 725 1326 in
740 1266 951 1328 Macedoniam
966 1283 1024 1343 pro
1038 1270 1146 1330 volun·
1232 1299 1233 1326 r

163 1355 249 1414 tariis
269 1358 475 1428 transportata
495 1359 591 1414 erant.
626 1352 657 1410 id
672 1351 828 1412 voluntate
848 1352 961 1412 iactum
983 1353 1146 1428 negabant.
1232 1421 1233 1432 χ

164 1439 203 1498 ab
217 1437 347 1498 tribunis
362 1443 542 1496 recusantes
557 1435 587 1493 in
600 1451 695 1495 naves
707 1435 879 1510 impositos.
902 1435 960 1495 sed
969 1442 1144 1511 umnnrqne,

165 1537 223 1582 seu
236 1521 371 1581 iniuncta
385 1533 442 1579 seu
456 1525 603 1593 suscepta
618 1518 696 1579 ioret
706 1519 818 1593 militia,
834 1525 865 1579 et
875 1533 942 1580 earn
955 1519 1146 1595 exhaustam,

165 1614 195 1664 et
209 1605 301 1664 finem
316 1605 448 1678 aliquem
462 1602 608 1662 militandi
619 1602 685 1662 heri
697 1617 830 1677 aequum
842 1619 923 1664 esse.
943 1603 1045 1664 multis
1057 1605 1147 1664 annis

165 1703 238 1746 sese
252 1687 367 1746 ltaliam
380 1702 443 1746 non
458 1685 582 1760 vidisse,
599 1685 801 1748 consenuisse
816 1685 874 1747 sub
889 1687 981 1748 annis
996 1687 1026 1747 in
1042 1687 1148 1749 Sicilia

165 1770 270 1830 Airica
283 1770 472 1831 Macedonia.
496 1770 654 1831 conlectos
669 1771 729 1830 iarn
744 1785 779 1830 se
793 1770 898 1831 labore
913 1786 1016 1846 opere,
1034 1787 1146 1832 exsan-

165 1869 242 1929 gues
262 1861 306 1915 tot
319 1855 454 1931 acceptis
468 1854 647 1915 vulneribus
662 1869 744 1915 esse.
776 1855 885 1916 consul
900 1869 1025 1916 causam
1039 1863 1148 1932 postu·

166 1938 275 1998 landae
289 1937 446 2000 missionis
460 1937 659 2014 probabilem,
676 1938 703 1998 si
716 1939 856 1999 modeste
873 1945 1034 2014 peteretur,
1047 1939 1147 2000 videri

166 2023 257 2082 dixit:
286 2023 445 2084 seditionis
471 2037 529 2082 nec
550 2037 617 2083 eam
638 2038 696 2082 nec
715 2023 808 2082 ullam
829 2023 919 2082 aliam
939 2023 1014 2084 satis
1034 2024 1147 2086 iustam

166 2121 291 2167 causam
311 2123 392 2167 esse.
423 2106 526 2182 itaque
546 2106 574 2166 si
594 2120 717 2166 manere
736 2105 775 2166 ad
790 2106 880 2180 signa
893 2113 924 2166 et
938 2107 1020 2168 dicto
1036 2123 1148 2183 parere

165 2191 267 2264 velint,
281 2205 317 2249 se
332 2191 371 2250 de
385 2190 532 2250 missione
546 2205 653 2250 eorum
666 2189 706 2249 ad
720 2196 861 2252 senatum
871 2191 1065 2266 scripturum.
1080 2207 1146 2252 mo·
1231 2227 1232 2260 r

248 2357 300 2418 lv.
331 2356 523 2418 Thaumacos
548 2373 586 2418 eo
615 2364 754 2432 ternpore
780 2356 939 2434 Philippus
968 2376 1089 2421 summa
1116 2360 1147 2420 vi

165 2439 364 2518 oppugnabat
384 2441 547 2518 aggeribus
567 2442 744 2517 vineisque
773 2448 803 2500 et
823 2443 883 2503 iarn
903 2443 1027 2504 arietem
1048 2443 1146 2506 muris

164 2527 343 2588 admoturus
370 2533 443 2587 erat.
480 2533 614 2588 ceterum
638 2527 761 2602 incepto
782 2526 933 2587 absistere
953 2543 1022 2589 eum
1044 2529 1149 2604 coegit

164 2610 284 2672 subitus
304 2611 484 2672 Aetolorum
504 2612 670 2684 adventus,
689 2611 741 2686 qui
760 2609 946 2672 Archidamo
969 2612 1049 2672 duce
1067 2613 1148 2676 inter

164 2695 321 2755 custodias
335 2695 539 2756 Macedonum
559 2695 680 2756 moenia
700 2695 832 2770 ingressi
846 2711 903 2756 nec
917 2705 1008 2758 nocte
1023 2712 1081 2757 nec
1096 2698 1148 2758 die

163 2777 255 2836 linem
274 2779 369 2838 ullum
390 2779 571 2852 enunpendi
590 2793 672 2838 nnnc
691 2778 722 2836 in
738 2779 885 2841 stationes
906 2781 1032 2842 nuncin
1050 2797 1148 2860 opera

162 2859 366 2920 Macedonum
381 2860 540 2922 iaciebant
574 2868 604 2920 et
618 2861 782 2923 adiuvabat
796 2879 851 2925 eos
867 2871 975 2926 natura
988 2864 1060 2940 ipsa
1074 2865 1147 2926 loci.

162 2958 297 3018 namque
315 2943 480 3004 Thaumaci
502 2944 618 3023 aPylis
639 2944 772 3022 sinuque
786 2948 915 3010 Maliaco
938 2964 995 3024 per
1008 2949 1148 3010 Lamiam

163 3027 245 3086 eunti
265 3029 335 3087 loco
357 3029 418 3088 alto
440 3029 488 3090 siti
504 3035 589 3101 sunt,
609 3029 687 3105 ipsis
703 3031 842 3094 lancibus
857 3033 1048 3095 imminentes
1065 3048 1147 3109 quas

60 2344 66 2356 Ι
165 2273 264 2333 destia
278 2274 398 2334 facilius
414 2289 506 2349 quam
520 2273 688 2349 pertinacia
702 2274 786 2348 quod
800 2275 895 2335 velint
908 2275 1135 2352 impetraturos.
1231 2317 1232 2320 κ

163 3110 256 3172 Coela
276 3117 404 3182 vocant;
426 3112 666 3190 Thessaliaeque
685 3117 854 3178 transeunti
875 3119 1061 3193 conhagosa
1074 3119 1148 3178 loca
1230 3157 1231 3168 η

162 3195 395 3272 implicataeque
417 3196 551 3258 ilexibus
564 3199 689 3260 vallium
703 3199 784 3275 vias,
805 3200 858 3262 ubi
871 3207 995 3263 ventum
1008 3201 1049 3262 ad
1064 3201 1148 3261 hanc

163 3279 267 3340 urbem
279 3285 335 3356 est,
349 3287 477 3358 repente
488 3282 571 3346 velut
581 3283 674 3344 maris
685 3283 773 3359 vasti,
788 3284 834 3345 sic
844 3283 989 3346 universa
999 3285 1147 3361 panditur

162 3365 318 3438 planities,
336 3372 369 3426 ut
383 3365 540 3428 subiectos
562 3383 688 3444 campos
709 3368 871 3429 terminare
886 3370 984 3431 oculis
999 3369 1083 3430 haud
1099 3371 1146 3430 la·

162 3445 219 3504 cite
235 3463 341 3522 queas.
371 3449 410 3510 ab
425 3443 463 3510 'eo
478 3451 624 3512 miraculo
638 3450 801 3513 Thaumaci
816 3453 969 3529 appellati.
1002 3469 1060 3515 nce
1076 3451 1145 3514 alti-
