2482 3902
252 271 368 335 LIBER
382 272 528 336 XXXIV.v
539 274 622 334 cAP.
633 283 676 338 26.
688 283 732 341 Li.
749 283 786 352 [a.
800 284 907 354 c.195]
979 283 1040 349 147

54 428 142 490 tectis
158 427 300 501 navibus,
317 425 439 500 triginta
452 426 560 488 lembis
575 428 740 504 mixtisque
754 431 822 491 aliis
838 432 964 495 minoris
981 437 1042 498 for-

51 527 119 572 mae
134 510 277 587 navigiis.
300 510 439 586 ipsorum
453 525 578 586 quoque
588 511 902 578 Lacedaemoniorum
916 522 1041 583 exsules

50 594 209 671 pennula,
229 597 431 673 tyrannorum
445 593 555 655 iniuria
569 595 659 671 pulsi,
679 613 737 674 spe
750 601 973 676 reciperandae
985 621 1040 680 pa·

50 681 126 740 triae
147 680 179 739 in
200 683 302 739 castra
314 679 455 740 Romana
475 687 693 740 convenerunt.
726 683 810 743 multi
828 691 929 745 autern
944 695 1040 764 erant,

49 766 109 824 iam
124 778 183 840 per
198 761 315 839 aliquot
329 767 454 837 aetates,
469 777 509 822 ex
522 778 583 839 quo
597 765 718 842 tyranni
729 767 875 828 tenebant
884 769 1039 832 Lacedae·

49 863 183 922 monem,
199 846 249 906 alii
265 846 303 907 ab
318 845 386 906 allis
401 846 533 922 expulsi.
556 847 703 924 princeps
720 858 785 910 erat
799 853 941 914 exsulum
956 855 1038 932 Age·

50 931 175 1008 sipolis,
193 929 280 992 cuias
296 931 362 991 iure
375 931 476 1005 gentis
490 946 619 1007 regnum
634 932 867 996 Lacedaemone
882 945 955 1012 erat,
971 941 1038 1016 pul-

50 1033 103 1076 sus
123 1015 227 1075 inians
250 1014 289 1074 ab
302 1013 447 1093 Lycurgo
468 1019 601 1094 tyranno
622 1023 694 1092 post
713 1026 842 1080 mortem
857 1019 1037 1100 Cleomenis,

51 1101 101 1174 qui
116 1099 237 1176 primus
252 1105 404 1177 tyrannus
415 1097 651 1160 Lacedaemone
666 1101 731 1161 luit.

132 1182 255 1243 XXVII.
278 1181 352 1243 Cum
367 1189 449 1244 terra
465 1183 606 1259 marique
616 1189 734 1245 tantum
745 1185 817 1246 belli
829 1187 1039 1254 circumstaret

51 1279 231 1348 tyrannum,
254 1272 285 1327 et
298 1283 398 1343 prope
418 1268 503 1329 nulla
517 1282 592 1343 spes
608 1273 693 1328 esset
708 1284 781 1329 vere
796 1271 877 1332 vires
893 1269 967 1333 suas
982 1273 1034 1335 ho-

51 1353 204 1427 stiumque
225 1351 410 1423 aestimanti,
431 1366 493 1412 non
514 1357 615 1412 tamen
638 1352 740 1414 omisit
752 1353 880 1430 bellum,
903 1358 959 1417 sed
975 1367 1037 1420 eta

50 1437 138 1497 creta
158 1433 241 1494 mille
262 1435 398 1496 delectas
420 1434 585 1497 iuventutis
601 1451 706 1496 eorum
722 1438 848 1512 excivit,
872 1455 940 1500 cum
956 1442 1037 1503 mille

49 1521 107 1580 iam
119 1519 258 1593 haberet,
274 1525 305 1580 et
317 1519 376 1580 tria
388 1517 471 1580 milia
484 1520 764 1582 mercennariorum
776 1521 912 1600 militum,
928 1525 1034 1592 decem

48 1604 128 1664 milia
149 1603 346 1680 popularium
367 1603 623 1680 cumcastellanis
639 1606 812 1682 agrestibus
827 1607 858 1667 in
872 1609 965 1670 armis
980 1609 1034 1670 ha·

49 1688 120 1761 buit,
138 1694 170 1748 et
184 1689 273 1748 fossa
285 1689 429 1765 valloque
443 1688 552 1749 urbem
566 1690 773 1752 communivit.
801 1699 832 1753 et
845 1708 885 1752 ne
900 1693 974 1768 quid
988 1693 1033 1754 in·

48 1772 149 1833 teatini
163 1777 266 1833 motus
282 1779 428 1851 oreretur,
443 1779 527 1834 metu
542 1779 572 1834 et
585 1774 750 1836 acerbitate
765 1791 935 1850 poenarum
949 1785 1033 1838 tene-

48 1855 97 1918 bat
110 1855 242 1930 animos,
259 1857 405 1932 quoniam
418 1863 453 1918 ut
467 1857 586 1917 salvum
601 1859 715 1918 vellent
729 1866 891 1937 tyrannum
907 1876 1034 1937 sperare

51 1957 108 2002 non
135 1946 279 2017 poterat·
300 1955 369 2002 cum
395 1946 560 2017 suspectos
588 1942 741 2017 quosdam
763 1943 874 2004 civium
895 1944 1031 2020 baberet,

50 2025 166 2086 eductis
191 2024 222 2084 in
243 2039 385 2101 campum
410 2025 553 2087 omnibus
575 2027 874 2102 copiis—Dromon
896 2028 957 2103 ipsi
978 2044 1032 2088 vo·

50 2117 185 2184 cant—,
207 2109 316 2185 positis
337 2109 430 2170 armis
451 2110 491 2170 ad
513 2110 688 2172 contionem
707 2111 813 2171 vocari
836 2112 919 2173 iubet
936 2111 1032 2173 Lace·

50 2193 244 2268 daemonias,
266 2199 359 2269 atque
373 2209 480 2254 eorum
499 2194 632 2256 contioni
653 2196 799 2257 satellites
822 2203 957 2258 armatos
973 2197 1031 2257 cir—

50 2277 210 2338 cumdedit
238 2284 268 2338 et
282 2291 383 2353 pauca
396 2278 566 2353 praetatus,
589 2294 644 2341 cur
660 2277 719 2340 sibi
734 2280 836 2340 omnia
849 2281 965 2341 timenti
980 2296 1030 2342 ca-

49 2362 192 2438 ventique
212 2361 435 2436 ignoseendum
454 2362 485 2421 in
505 2363 557 2424 tali
577 2371 716 2438 tempore
731 2364 823 2435 loret,
846 2371 877 2424 et
890 2364 1030 2439 ipsorum

49 2445 169 2521 reterre,
191 2445 219 2506 si
235 2461 314 2520 quos
330 2451 496 2522 suspectos
511 2453 609 2508 status
623 2461 773 2522 praesens
786 2461 890 2507 rerum
905 2449 1029 2520 laceret,

51 2529 201 2602 prohiberi
217 2530 330 2606 potius,
345 2545 384 2590 ne
399 2530 473 2606 quid
487 2531 586 2592 moliri
601 2531 731 2607 possint,
747 2541 839 2606 quam
851 2531 953 2605 puniri
964 2547 1029 2590 mo·

49 2611 154 2675 lientis.
187 2613 293 2690 itaque
306 2614 461 2689 quosdam
474 2630 510 2675 se
524 2615 556 2676 in
570 2615 712 2676 custodia
725 2614 907 2687 habitururn,
929 2614 1030 2674 donec

50 2712 82 2756 ea
96 2713 176 2774 quae
190 2698 283 2759 instet
294 2703 463 2774 tempestas
479 2705 660 2776 praetereat
694 2697 835 2758 hostibus
849 2696 994 2774 repulsis,
1010 2713 1030 2757 a

51 2781 171 2858 quibus,
193 2782 328 2845 simodo
350 2783 483 2858 proditio
498 2781 641 2844 intestina
655 2782 730 2843 satis
745 2789 904 2856 caveatur,
926 2781 1028 2842 minus

50 2867 170 2937 periculi
189 2881 277 2942 esse,
299 2870 454 2944 extemplo
476 2884 532 2931 eos
547 2867 740 2929 emissurum.
776 2865 833 2926 sub
848 2865 926 2928 haec
942 2866 1029 2928 citari

49 2951 166 3012 nomina
179 2952 335 3028 octoginta
348 2954 444 3013 lerme
458 2951 630 3029 principum
644 2951 809 3014 iuventutis
820 2951 917 3026 iussit,
933 2959 1028 3028 atque

50 3046 108 3106 eos,
122 3041 155 3096 ut
169 3035 304 3112 quisque
317 3037 358 3116 ad
372 3053 484 3098 nomen
497 3036 718 3112 responderat,
733 3035 764 3094 in
780 3035 952 3096 custodiam
966 3044 1027 3096 tra·

50 3113 132 3179 didit=
152 3126 245 3181 nocte
260 3120 432 3197 insequenti
447 3135 555 3181 onmes
569 3119 728 3190 interlecti.
754 3119 900 3180 Ilotarum
914 3120 1027 3179 deinde

49 3200 165 3270 quidam
175 3235 219 3248 -
230 3202 262 3263 hi
277 3205 423 3266 santiam
437 3205 510 3266 inde
524 3203 690 3280 antiquitus
706 3203 880 3275 castellani,
904 3209 1027 3276 agreste

49 3297 140 3354 genus
150 3317 193 3332 -
203 3289 398 3364 transfugere
418 3288 558 3350 voluisse
573 3286 738 3350 insimulati
753 3286 922 3362 peremnis
937 3285 1025 3345 vicos

48 3367 100 3426 suh
122 3371 303 3432 verberibus
325 3373 383 3441 acti
403 3379 560 3433 necantur.
596 3371 661 3450 hoc,
670 3380 787 3432 terrore
804 3371 1027 3444 obstupuerant

47 3453 239 3516 multitudinis
258 3455 349 3517 animi
370 3455 409 3516 ab
424 3455 505 3518 omni
520 3463 632 3515 conatu
646 3470 798 3515 novorum
816 3453 1024 3514 consiliorum.

47 3531 120 3597 intra
131 3538 315 3601 munitiones
332 3539 439 3615 copies
456 3537 639 3612 continebat,
654 3553 712 3598 nec
726 3553 834 3612 parem
843 3553 878 3598 se
888 3542 982 3609 ratus,
998 3535 1026 3594 si

764 3623 820 3680 10*
