2506 3898
250 253 367 315 LIBER
380 253 541 316 XXXVIII.
565 257 648 316 cAP.
666 267 764 320 saer.
786 265 822 331 [ι.
836 263 943 322 eren
1025 260 1087 324 367

87 407 248 468 omnibus
274 409 313 468 ad
334 409 480 468 orientem
501 409 602 468 versis
622 409 747 484 regibus
768 409 972 485 gentibusque
993 427 1088 486 appa-

86 498 198 564 reret,
221 507 316 552 unum
330 491 486 552 hominem
499 499 592 567 caput
607 493 811 567 columenque
824 493 944 569 imperii
958 495 1088 556 Romani

86 589 182 648 esse,
201 575 261 636 sub
274 575 384 658 umbra
395 573 549 651 Scipionis
564 575 716 637 civitatem
732 576 885 636 dominam
898 577 982 638 orbis
993 585 1087 638 terra·

85 675 165 718 rum
188 661 302 734 latere,
322 665 428 720 nutum
445 659 511 720 eius
531 675 588 734 pro
604 659 736 720 decretis
751 668 885 735 patrum,
906 675 964 736 pro
979 663 1086 738 populi

85 743 196 803 iussis
207 757 289 804 esse.
312 743 436 803 infamia
446 743 589 803 intactum
602 743 726 818 invidia,
740 759 802 818 qua
811 751 952 818 possunt,
967 755 1085 820 urgent.

86 826 293 888 orationibus
308 827 337 886 in
353 833 472 888 noctem
487 825 644 902 perductis
658 827 800 902 prodicta
814 826 882 888 dies
897 837 954 890 cst.
982 829 1033 889 ubi
1049 845 1086 888 ea

85 911 207 986 venit,
222 911 334 972 tribuni
355 912 386 970 in
400 910 521 972 Rostris
535 911 634 986 prima
648 913 716 970 luce
731 911 945 973 consederunt.
975 915 1084 973 citatus

85 1009 169 1055 reus
191 1009 305 1070 magno
326 995 446 1070 agmine
466 994 634 1054 amicorum
655 993 869 1069 clientiumque
885 1011 940 1070 per
954 997 1084 1056 mediam

87 1079 277 1140 contionem
289 1079 329 1139 ad
338 1079 451 1139 Rostra
465 1076 565 1152 subiit,
581 1077 765 1152 silentioque
776 1079 856 1139 lacto
872 1080 971 1152 „hoc“
986 1081 1084 1154 inquit

87 1162 186 1234 „die‚
209 1162 323 1223 tribuni
345 1161 443 1237 plebis
465 1175 586 1236 vosque
607 1159 753 1235 Quirites,
774 1177 844 1221 cum
863 1162 1033 1224 Hannibale
1054 1169 1084 1221 et

88 1243 403 1321 Carthaginiensibus
418 1245 515 1320 signis
527 1245 646 1304 collatis
661 1245 691 1304 in
703 1245 807 1304 Africa
818 1245 898 1305 bene
909 1262 946 1306 ac
957 1245 1083 1306 feliciter

89 1331 247 1406 pugnavi.
280 1331 384 1404 itaque
405 1345 474 1388 cum
495 1329 587 1388 hodie
602 1329 706 1388 litibus
720 1335 751 1388 et
764 1328 869 1404 iurgiis
885 1330 1082 1404 supersederi

87 1429 234 1488 aequum
254 1414 387 1492 sit‚ego
409 1413 480 1472 hinc
501 1413 656 1487 extemplo
677 1411 708 1470 in
724 1410 903 1485 Capitolium
923 1413 964 1472 ad
977 1412 1082 1472 lovem

87 1497 247 1572 optimum
269 1497 432 1556 maxImum
446 1497 657 1570 Iunonemque
671 1502 703 1555 et
714 1493 883 1554 Minervam
898 1501 1082 1570 ceterosque

88 1579 185 1653 deca,
204 1581 257 1656 qui
272 1580 424 1656 Capitolio
434 1587 527 1654 atque
542 1579 604 1639 arci
619 1579 805 1653 praesident,
824 1579 1004 1639 salutandos
1019 1579 1071 1640 ibo
1101 1633 1105 1638 ,

87 1662 213 1738 hisque
232 1664 344 1736 gratias
367 1679 455 1736 agam
477 1664 561 1737 quod
579 1662 651 1721 mihi
671 1671 701 1723 et
717 1661 777 1721 hoc
791 1662 861 1737 ipso
877 1661 928 1722 die
942 1671 972 1722 ct
986 1677 1079 1737 saepe

89 1747 174 1806 alias
193 1747 316 1820 egregie
330 1747 485 1820 gerendae
493 1745 538 1805 rei
550 1746 692 1819 publicae
703 1753 834 1806 mentem
844 1746 1081 1820 facultatemque

89 1830 259 1889 dederunt.
280 1835 413 1888 vestrum
427 1842 552 1902 quoque
564 1828 675 1902 quibus
687 1829 879 1888 commodum
897 1837 952 1902 est,
967 1831 1007 1890 ite
1017 1846 1080 1889 me·

90 1928 177 1985 cum,
197 1912 341 1985 Quirites,
358 1918 390 1972 et
403 1919 487 1972 orate
503 1911 590 1985 deoS,
605 1917 639 1970 ut
652 1911 710 1971 mei
726 1911 840 1972 similes
855 1913 1012 1986 principes
1026 1912 1081 1973 ha·

90 1991 213 2069 beatis,
234 1997 288 2068 ita,
310 1995 337 2054 si
352 1995 390 2055 ab
406 1995 494 2054 aunis
509 1993 729 2069 septemdecim
744 1995 784 2054 ad
798 2001 985 2055 senectutem
1001 2011 1080 2054 sem-

89 2093 151 2154 per
172 2095 232 2139 vos
253 2085 382 2138 aetatem
402 2076 501 2138 meam
522 2077 690 2140 honoribus
709 2077 821 2138 vestris
843 2078 995 2152 anteistis,
1022 2095 1079 2154 ego

89 2169 221 2222 vestros
235 2163 371 2223 honores
386 2162 480 2222 rebus
494 2162 638 2236 gerendis
654 2161 843 2236 praecessis
865 2163 904 2222 ab
916 2163 1037 2223 Rostris
1049 2163 1080 2222 in

91 2245 279 2320 Capitolium
300 2245 449 2306 ascendit.
485 2247 575 2306 simul
596 2261 632 2306 se
651 2247 796 2308 universa
811 2246 914 2307 contio
928 2247 1037 2307 avertit
1050 2254 1081 2307 et

91 2336 206 2389 secuta
218 2328 392 2404 Scipionem
407 2335 470 2403 est,
484 2330 563 2391 adeo
578 2337 612 2389 ut
625 2338 781 2404 postremo
796 2329 917 2391 scribae
931 2331 1079 2392 viatores-

92 2429 157 2487 que
178 2413 318 2474 tribunos
340 2412 563 2487 relinquerent,
585 2428 642 2473 nec
657 2429 726 2474 cum
742 2413 780 2473 iis
797 2421 922 2488 praeter
936 2415 1078 2474 servilem

90 2498 272 2556 comitatum
293 2502 324 2556 et
347 2511 547 2570 praeconem,
576 2496 628 2570 qui
646 2513 732 2556 rcum
757 2511 796 2556 ex
816 2498 936 2557 Rostris
959 2497 1079 2571 citabat,

91 2581 261 2657 quisquam
282 2587 375 2640 esset.
408 2578 512 2654 Scipio
533 2595 596 2639 non
611 2579 641 2638 in
657 2580 805 2656 Capitolio
820 2581 929 2655 modo,
951 2581 1007 2640 sed
1022 2597 1078 2655 per

91 2670 188 2724 totam
213 2663 320 2724 urbem
344 2663 446 2724 omnia
465 2665 579 2738 templa
599 2663 690 2724 delun
710 2679 779 2724 cum
799 2665 916 2740 populo
938 2665 1077 2724 Romano

91 2747 254 2824 circumiit.
289 2746 470 2808 celebratior
490 2745 517 2808 is
538 2761 637 2822 prope
658 2747 724 2807 dles
742 2749 850 2810 lavore
870 2746 1027 2808 hominum
1048 2755 1078 2808 et

91 2831 307 2892 aestimatione
316 2845 411 2891 verae
421 2829 637 2906 magnitudinis
649 2829 715 2891 eius
728 2831 790 2904 luit
800 2847 892 2907 quam
900 2849 961 2907 quo
974 2832 1077 2892 trium-

91 2915 195 2989 phans
217 2915 257 2976 de
278 2913 423 2993 Syphace
442 2929 516 2990 rege
537 2923 567 2975 et
582 2913 881 2990 Carthaginiensibus
902 2916 1008 2976 urbem
1031 2922 1078 2976 est

91 2997 245 3062 invectus.

176 3083 240 3144 LII.
254 3083 311 3143 illc
319 3084 482 3159 speciosus
493 3085 616 3145 ultimus
624 3084 730 3144 diesP·.
739 3082 876 3160 Scipioni
883 3085 988 3145 illuxit.
1005 3091 1078 3158 post

93 3183 186 3241 quem
203 3183 273 3228 cum
282 3165 427 3228 iuvidiam
439 3176 469 3228 ct
480 3168 645 3229 certamIna
655 3183 724 3228 cum
734 3167 863 3228 tribunis
875 3167 1076 3242 prospiceret,

92 3251 143 3311 die
157 3251 297 3328 longiore
307 3251 453 3327 'prodicta
467 3253 496 3311 in
508 3251 695 3312 Literninum
709 3252 866 3312 concessit
880 3258 962 3311 certo
975 3251 1076 3310 consi-

91 3333 143 3412 lio,
159 3351 199 3396 ne
214 3337 254 3397 ad
269 3351 394 3397 causam
409 3335 570 3396 dicendam
585 3335 720 3395 adesset
739 3333 837 3395 maior
847 3333 966 3396 animus
978 3339 1009 3392 et
1021 3350 1073 3394 na

91 3422 161 3479 tura
175 3428 242 3481 erat
254 3435 291 3480 ac
305 3419 414 3481 maiori
428 3421 569 3480 fortunae
583 3419 746 3491 adsuetus,
763 3434 854 3493 quarn
870 3425 906 3478 ut
916 3433 989 3498 reus
1004 3433 1074 3478 esse

1 3547 2 3588 3
92 3497 241 3576 inciperet
260 3509 291 3566 et
305 3504 493 3566 summittere
513 3517 549 3564 se
563 3502 594 3562 in
608 3501 805 3564 bumilitatem
827 3517 952 3564 eausam
972 3499 1074 3562 dicen·
