2482 3900
173 184 216 249 aa
282 197 285 208 ·
349 182 579 244 illtltttxletl.
600 181 793 243 anama
816 181 1012 253 [anama

175 339 287 398 vallum
302 336 401 412 parati
414 343 505 412 atque
520 333 659 396 instructi
674 347 823 408 coepere,
845 337 972 406 repente
986 345 1096 390 omnes
1110 345 1161 390 re-

175 421 254 484 IIctIs
270 420 452 482 stationibus
464 435 521 495 per
535 433 677 480 aversam
692 425 809 493 partem
825 421 995 476 castrorum
1008 412 1048 473 ad
1060 420 1161 475 tumu-

174 507 247 580 lum,
262 505 303 564 ad
317 513 419 566 castra
432 503 636 564 Athamanum
650 501 836 578 perluquut
863 498 949 560 multi
962 497 994 558 in
1008 498 1068 558 hae
1083 512 1162 574 quo-

175 605 236 664 que
261 595 323 648 tam
350 588 471 664 trepida
497 588 571 662 luga
594 587 677 663 eapti
701 584 848 659 caesique
873 589 946 645 sunt
968 583 1162 644 Aetolorum

174 671 343 748 Philippus,
360 671 475 734 slsatIs
491 670 552 732 diei
566 677 755 747 superesset,
770 685 833 730 non
848 667 961 729 dubius
976 667 1050 745 quin
1063 665 1162 726 Atha·

176 772 283 817 manes
306 773 431 832 quoque
451 756 524 816 exui
545 757 654 816 casIrIs
674 755 849 830 potuissent
863 753 914 814 dle
928 769 985 828 per
999 750 1160 828 proelium,

176 840 289 900 delnde
310 857 366 916 par
387 840 587 915 direptionem
607 845 777 900 castrorum
791 839 956 913 absumpto
971 836 1029 898 sub
1042 837 1161 897 tumulo

175 925 206 984 in
222 924 363 999 proxima
378 923 503 999 planitie
518 923 674 999 consedit,
695 923 794 998 prima
808 922 878 984 luce
891 919 1085 997 insequentis
1101 917 1163 980 diei

175 1007 297 1068 hostem
318 1009 534 1082 adgressurus.
568 1007 626 1068 sed
638 1007 741 1068 Aetoli
761 1005 873 1068 eodem
892 1020 1010 1082 pavore
1024 1021 1089 1083 quo
1106 1019 1163 1066 sua

177 1100 279 1154 castra
291 1092 486 1167 reliquerant,
509 1099 600 1154 nocta
618 1093 760 1167 proxima
773 1090 908 1167 dispersi
921 1091 1075 1166 fugerunt
1099 1104 1162 1148 ma-

175 1177 259 1238 ximo
274 1177 345 1236 usui
359 1175 416 1238 luit
425 1177 636 1255 Amynander,
652 1191 713 1252 quo
729 1175 809 1236 duce
819 1173 1009 1236 Athamanes
1019 1174 1161 1236 itinerum

176 1261 267 1336 periti
292 1261 419 1322 summis
447 1260 601 1324 montibus
622 1277 679 1336 per
700 1260 794 1321 ealles
815 1259 936 1335 ignotas
957 1255 1162 1334 sequentibus

176 1361 232 1406 eos
246 1345 387 1407 hostibus
403 1347 434 1405 in
449 1346 601 1406 Aetoliam
617 1344 835 1420 perduxerunt.
868 1359 932 1404 non
945 1343 989 1404 ita
1002 1343 1115 1404 mrrltos
1130 1341 1163 1400 in

177 1428 321 1504 dispersa
341 1431 414 1503 tuga
434 1445 522 1490 error
541 1429 639 1490 intulit
658 1428 690 1487 ln
702 1427 907 1488 Macedonum
921 1429 1057 1502 equites,
1079 1440 1163 1501 quos

175 1513 246 1574 luce
261 1511 537 1589 primaPhilippus,
553 1521 587 1574 ut
601 1514 757 1574 desertum
772 1511 921 1574 tumulum
934 1510 1029 1587 videt,
1043 1510 1085 1572 ad
1096 1525 1164 1570 ear·

177 1595 314 1670 pandum
328 1596 462 1656 hostium
477 1613 587 1672 agmen
602 1596 692 1656 misit.

260 1679 362 1739 XLIII.
383 1679 442 1739 Per
456 1696 511 1741 eos
524 1681 591 1742 dles
603 1689 633 1742 et
644 1680 859 1756 Athenagoras
869 1681 974 1756 regius
985 1681 1162 1755 praelectus

176 1763 338 1826 Dardanos
367 1763 550 1840 reeIpientes
579 1781 614 1826 se
639 1765 671 1824 in
698 1765 769 1826 linis
795 1765 941 1842 adeptus,
971 1770 1164 1841 postremum

178 1863 287 1922 agmen
302 1848 449 1918 turbavit;
471 1849 541 1910 deIn
557 1857 723 1927 postquam
737 1849 871 1910 Dardani
886 1849 1049 1912 conversis
1063 1849 1163 1923 signis

177 1931 319 1993 direxere
335 1931 439 2005 aciem,
456 1949 556 2009 aequa
571 1950 675 2010 pugna
687 1934 768 1996 iusto
785 1933 903 2010 proelio
919 1939 993 1994 erat.
1026 1931 1082 1996 ubi
1095 1949 1163 1994 rur·

177 2031 232 2080 sus
247 2017 418 2092 procedere
429 2018 563 2078 Dardani
575 2019 760 2094 coepissent,
775 2017 880 2094 equite
891 2025 922 2080 et
935 2017 995 2079 levi
1007 2024 1164 2079 maura

176 2100 253 2176 regii
267 2103 384 2161 nullum
397 2103 466 2162 talis
477 2102 582 2162 auxilii
592 2117 691 2178 genus
703 2102 852 2162 habentes
863 2101 1036 2178 Dardanos,
1053 2117 1163 2162 onera-

177 2191 291 2258 tosque
311 2184 516 2248 immobilibus
533 2188 639 2258 armIs,
661 2186 830 2248 vexabantr
859 2192 889 2246 et
902 2185 973 2248 loca
989 2186 1060 2262 ipsa
1075 2185 1163 2246 adlu-

176 2267 299 2328 vabant.
334 2270 430 2331 occisi
450 2271 598 2346 perpauci
618 2279 703 2344 sunt,
731 2271 837 2346 plures
857 2271 1024 2345 mdnerati,
1051 2277 1162 2345 captus

177 2367 277 2427 nemo,
290 2353 367 2429 ¹quin
381 2371 443 2415 non
458 2356 611 2416 excedunt
623 2363 738 2416 temere
751 2354 911 2417 ordinibus
924 2354 1000 2429 suis,
1016 2354 1076 2414 sed
1088 2369 1162 2414 con·

179 2435 277 2496 tertiat
292 2445 323 2498 at
337 2445 474 2514 pugnant
485 2448 515 2500 et
529 2441 649 2500 cedunt.

261 2523 306 2583 Ita
317 2523 429 2584 damna
435 2526 573 2586 Romano
585 2534 714 2602 accepta
725 2525 805 2586 hello
814 2524 935 2584 duabus
949 2530 1162 2600 peropportu-

179 2621 236 2666 nas
258 2609 472 2682 expeditiones
491 2609 631 2670 coercihs
646 2609 788 2685 gentibus
803 2609 978 2668 restituerat
990 2605 1162 2682 emmaus,

178 2689 299 2764 incepto
312 2693 390 2765 lorti,
404 2710 465 2754 non
476 2709 629 2768 prospero
641 2695 741 2754 solum
753 2699 874 2753 eventu.
891 2691 998 2751 minuit
1009 2691 1124 2750 deinde
1136 2688 1163 2749 ei

179 2774 365 2834 Iortaoblata
375 2791 426 2835 res
437 2775 571 2835 hostium
578 2777 757 2838 Aetolorum
768 2791 935 2836 numerum.
949 2774 1070 2850 Scopas
1079 2775 1163 2849 prin·

179 2871 254 2929 ceps
269 2857 383 2930 gentis,
404 2859 442 2918 ab
456 2859 653 2920 Alexandrea
666 2875 777 2934 magno
794 2875 863 2920 cum
879 2859 1018 2934 pondere
1039 2857 1109 2918 auri
1124 2857 1162 2917 ab

176 2955 251 3013 rege
265 2937 440 3002 Ptolemaeo
463 2942 591 3016 missus,
614 2959 671 3002 sex
686 2944 768 3003 milia
781 2944 918 3019 peditum
933 2951 964 3004 et
974 2940 1161 3018 quingentos

178 3023 296 3096 equites
308 3026 451 3086 mercede
463 3027 917 3106 conductosAegyptumvexit.
934 3042 1040 3087 necex
1050 3026 1162 3086 luvan-

177 3113 241 3167 tute
265 3109 444 3170 Aetolorum
472 3126 657 3188 quemquam
681 3111 872 3188 reliquisset,
901 3111 931 3171 ni
955 3109 1161 3183 Damocritus,

178 3191 337 3253 nunebelli
346 3194 431 3270 quod
438 3195 572 3271 instaret,
581 3197 789 3258 nunciaturae
797 3196 970 3257 solitudinis
978 3195 1161 3267 admonens,

177 3277 325 3338 incertum
346 3294 421 3339 cura
439 3281 539 3354 gentis
560 3297 600 3340 an
620 3289 654 3342 ut
674 3281 890 3342 adversaretur
907 3279 1030 3355 Scopae
1050 3293 1160 3354 parum

178 3359 268 3419 donis
284 3363 521 3438 cultus‚pa1tem
535 3365 687 3426 iuniorum
702 3365 881 3440 castigando
893 3364 977 3424 domi
991 3363 1160 3424 continuis-

178 3449 234 3502 set.
255 3441 332 3506 haee
347 3462 385 3507 ea
400 3455 516 3510 aestate
530 3450 569 3510 ab
583 3449 730 3511 Romanis
742 3449 946 3526 Philippoque
960 3453 1049 3524 gesta
1063 3451 1160 3506 erant.
