2506 3898
252 201 368 264 LIBER
381 203 541 264 XXXVIII.
565 205 648 264 cAP.
662 213 689 266 8.
702 214 729 268 9.
753 211 788 279 [a.
802 212 832 265 C.
846 213 906 280 189]
1004 207 1067 272 325

86 355 206 418 dendus
227 370 315 429 csse,
336 355 447 416 deinde
461 354 544 418 mille
557 357 702 418 talentum
718 357 859 433 [argenti]
876 358 992 434 populo
1006 359 1067 420 lto·

82 455 173 500 urano
193 439 344 514 dandum,
366 439 454 501 cuius
476 455 613 502 summae
628 441 785 501 dimidium
799 457 948 518 praesens
963 459 1068 504 nume·

82 529 175 598 retur,
192 524 218 584 si
233 538 342 599 pacem
356 523 471 585 habere
484 525 605 586 vellent.
629 524 669 586 ad
683 540 721 586 ca
732 525 921 586 adIecturum
933 527 1023 588 etiam
1036 527 1067 586 in

81 607 193 670 locdus
214 623 302 684 csse,
322 614 357 670 ut
375 608 504 669 eosdem
525 624 605 686 quos
627 611 762 685 populus
776 609 935 670 Romanus
949 611 1072 672 arnicas.

81 699 176 768 atque
190 691 288 754 hostis
303 691 444 754 habeant.
480 692 530 754 IX.
551 693 704 754 adversus
720 709 801 768 quae
815 693 924 769 legati,
946 701 977 754 ct
992 693 1065 770 quia

80 774 190 852 gravIa
209 782 295 837 erant
313 783 344 836 ct
364 775 437 853 quia
457 793 585 838 suorum
599 774 718 838 animos
736 777 902 838 indomitos
918 794 955 838 ac
970 785 1066 839 muta-

80 859 160 922 biles
181 866 344 936 novcrant,
365 861 448 921 nullo
469 861 589 922 reddito
609 876 764 938 responso
786 861 911 922 domum
932 862 1066 936 regressi

80 951 168 1020 sunt,
189 952 223 1006 ut
241 941 332 1005 ctiam
351 951 443 1019 atque
465 945 570 1020 etiam,
592 945 667 1020 quid
684 943 836 1020 agendum
850 953 949 1018 esset,
971 961 1005 1006 rc
1021 947 1065 1004 in-

80 1037 171 1106 tegra
184 1036 357 1106 praetorem
371 1035 402 1088 ct
415 1027 574 1104 principes
589 1030 793 1090 consulerent.
818 1029 951 1088 clamore
961 1035 992 1088 et
1006 1029 1066 1090 iur-

79 1114 133 1190 gio
150 1113 287 1188 excepti,
311 1113 396 1188 quod
409 1119 471 1172 tam
484 1113 538 1172 diu
550 1127 615 1172 rem
630 1113 792 1183 traherent,
810 1113 1067 1187 qualemcumque

79 1213 192 1274 pacem
202 1198 318 1258 referre
328 1195 415 1272 iussi,
431 1211 501 1256 cnm
510 1195 645 1256 redirent
655 1194 859 1269 Ambraciam,
870 1197 1066 1257 Acarnanum

78 1281 203 1344 insidiis
219 1297 318 1358 prope
331 1281 412 1342 viam
428 1278 553 1356 positIs,
575 1296 644 1341 cum
660 1278 772 1354 quibus
786 1277 901 1339 bellum
915 1285 989 1354 erat,
1009 1277 1064 1338 cir-

81 1365 238 1427 cumventi
258 1364 403 1442 Thyniam
428 1363 622 1432 custodiendi
643 1363 845 1424 deducuntur.
882 1363 959 1422 haec
979 1378 1064 1428 rnora

77 1451 193 1512 iniecta
212 1457 261 1510 est
281 1450 361 1527 paci.
397 1464 465 1512 cum
487 1449 545 1510 iam
566 1446 799 1512 Atheniensium
812 1445 1066 1522 Rhodiorumque

78 1533 181 1610 legati,
197 1533 247 1610 qui
263 1532 303 1594 ad
318 1531 547 1609 deprecandum
561 1549 617 1608 pro
632 1532 671 1593 iis
684 1538 841 1604 venerant,
857 1530 941 1606 apud
953 1545 1065 1591 consu-

78 1619 142 1677 lem
156 1623 276 1692 essent,
296 1617 497 1695 Amynander
511 1613 637 1694 q'uoque
650 1615 853 1676 Athamanum
866 1629 924 1674 rex
938 1613 1000 1674 fide
1014 1630 1064 1674 ac-

79 1709 173 1778 cepta
197 1707 324 1762 venerat
349 1701 379 1760 in
404 1707 506 1762 casua
524 1699 677 1774 Romana,
703 1699 801 1774 magis
826 1714 881 1773 pro
900 1695 1064 1760 Ambracia

77 1785 175 1859 urba,
196 1784 249 1846 ubi
268 1784 414 1844 maiorem
436 1787 553 1858 partem
572 1783 719 1858 temporis
740 1783 950 1854 exsulaverat,
973 1797 1063 1856 quam

78 1885 140 1945 pro
156 1869 274 1928 Aetolis
296 1863 454 1927 sollicitus.
488 1881 543 1941 per
562 1867 621 1928 hos
641 1865 753 1926 certior
773 1866 872 1926 lactus
895 1866 1003 1924 consul
1025 1865 1065 1925 de

79 1967 160 2014 casu
180 1953 348 2028 legatorum
363 1949 474 2010 adduci
489 1964 545 2010 eos
559 1967 578 2010 a
591 1949 706 2032 Thynia
721 1948 826 2019 iussit,
850 1963 980 2023 quorum
995 1956 1064 2022 pos¹

79 2036 249 2097 adventurn
262 2035 312 2110 agi
327 2041 469 2110 coeptum
478 2041 527 2095 est
536 2034 575 2094 de
587 2049 675 2110 pace.
697 2032 906 2109 Amynander,
922 2032 1006 2108 quod
1017 2031 1067 2091 sui

80 2119 216 2180 maxima
227 2119 331 2196 operis
344 2125 417 2190 erat,
430 2117 559 2194 impigre
569 2117 680 2194 agebat
690 2123 723 2178 ut
733 2115 971 2177 Ambracienses
984 2110 1066 2176 com·

90 2205 212 2274 pelleret
231 2203 271 2264 ad
291 2202 486 2264 deditionem.
518 2203 550 2264 id
563 2217 633 2263 cum
654 2217 710 2278 per
725 2199 879 2276 colloquia
892 2199 1066 2276 principum

91 2287 258 2364 succedens
278 2303 397 2348 murum
417 2301 526 2363 parum
550 2286 726 2360 proficeret,
747 2291 906 2360 postremo
928 2283 1065 2346 consuliS

93 2371 238 2444 pumissu
249 2372 408 2446 ingressus
420 2371 527 2430 urbem
538 2370 647 2444 partlm
659 2368 788 2430 consilio
800 2369 909 2444 partim
920 2367 1066 2443 precibus

94 2451 183 2530 avait,
198 2464 232 2517 ut
245 2455 452 2532 permitterent
465 2468 501 2513 se
514 2451 672 2514 Romanis.
694 2459 725 2512 ct
738 2451 866 2512 Aetolos
878 2451 909 2510 C.
922 2449 1068 2510 Valerius

94 2535 209 2600 Laevini
228 2540 324 2609 lilius',
347 2538 399 2614 qui
414 2553 483 2598 cunr
498 2551 536 2596 ea
550 2541 641 2611 gente
658 2534 785 2610 primum
800 2531 964 2594 amicitiam
978 2533 1066 2608 pepi-

95 2631 185 2692 gerat
207 2621 343 2685 consulis
362 2622 455 2682 irater
474 2627 570 2681 matre
591 2618 700 2679 cadem
717 2619 853 2692 gemtus,
874 2613 998 2691 egregie
1012 2617 1066 2675 ad-

95 2699 179 2760 iuvil·
197 2704 434 2768 Ambracienses
449 2704 536 2780 prius
552 2701 643 2780 pacti,
659 2709 692 2762 ut
705 2702 885 2761 Aetolomm
901 2699 1066 2760 auxiliares

98 2783 167 2845 sine
187 2781 281 2852 fbudc
296 2787 478 2862 emitterent,
500 2783 688 2864 aperuerunt
701 2791 817 2860 portas.
850 2782 921 2844 dein
933 2782 966 2822 **
979 2783 1066 2859 quin-

98 2872 190 2942 8οῠῑᾶ
203 2863 327 2935 Euboica
340 2879 375 2933 ut
388 2874 496 2935 darent
509 2872 631 2944 talenta,
648 2867 816 2946 exquibus
831 2869 964 2930 ducenta
977 2883 1066 2944 pra-e·

99 2949 207 3022 sentia,
221 2953 343 3018 ducenta
357 2971 413 3032 per
426 2971 526 3016 annos
542 2969 599 3016 sex
610 2953 812 3030 pensionibus
824 2951 948 3030 acquis;
972 2950 1066 3028 capti·

100 3050 158 3094 vos
183 3029 377 3116 pellensque
399 3039 566 3100 redderent
584 3037 748 3108 Romanis;
780 3039 888 3098 urbem
910 3051 949 3098 ne
975 3051 1067 3111 quam

101 3115 252 3178 formulae
266 3124 298 3183 hi
312 3123 387 3184 iurIs
403 3124 553 3196 lucerent,
575 3137 656 3196 quae
669 3127 743 3196 post
756 3120 788 3181 id
802 3127 940 3196 tempus,
956 3123 1022 3194 quo'
1034 3117 1066 3178 Τ.

102 3197 262 3277 Quinctius
277 3200 432 3267 briecisset
445 3206 476 3266 in
492 3204 666 3279 Graeciam,
687 3211 740 3265 aut
752 3204 784 3263 vi
797 3211 888 3278 captu
903 3202 941 3261 ab
955 3201 1067 3262 Roma·

101 3284 151 3344 nIS
165 3286 250 3342 esset
264 3283 464 3350 aulvoluntate
475 3288 507 3350 in
519 3286 682 3349 amicitiam
696 3286 849 3356 venissem
871 3283 1068 3360 cephallania

103 3367 206 3429 insula
224 3369 259 3424 ul
279 3363 344 3456 §XII
367 3373 416 3434 ius
439 3371 574 3434 laederis
590 3377 683 3432 esset.
717 3371 795 3430 hacc
811 3383 993 3445 quamquam
1010 3381 1067 3442 spe

104 3452 245 3530 Ipsorum
259 3445 394 3518 aquuaqo
408 3455 525 3518 leviora
539 3461 639 3531 erant,
657 3451 832 3530 petentibus
846 3449 965 3514 Aetolis
979 3449 1067 3512 ulad
