2482 3902
148 229 210 294 150
261 227 378 290 LIBER
392 227 526 289 XXXlV.
548 227 631 287 CAP.
644 235 689 288 ee.
700 233 800 290 etl-et.
823 231 859 300 [ι.
873 231 906 282 υ.
920 249 943 284 a.
955 232 1018 300 aot]

147 395 209 459 que
224 377 315 441 abiis
333 378 507 438 abstineret.
529 391 568 437 ne
583 377 668 453 qnod
680 378 837 452 oppidem,
853 391 915 439 neu
926 378 1013 453 quod
1022 379 1137 439 casacl-

148 469 209 528 lum
223 465 253 524 in
269 477 326 524 suo
342 461 484 522 alienove
498 474 573 536 agro
588 461 743 522 conderet.
767 461 904 536 obsides,
919 476 958 521 ea
968 463 1136 535 italuttnu,

147 552 234 612 daret
249 547 394 622 qunque,
410 559 491 620 quoa
505 544 684 620 imperatori
692 545 836 606 Romano·
843 545 1021 620 placuisset,
1037 541 1137 606 filiam

146 637 177 694 in
198 631 235 692 tis
257 642 363 700 suum;
396 636 426 690 et
445 631 558 690 talcrm
579 635 702 690 eentum·
720 631 838 704 agend
858 629 891 690 tn·
909 630 1083 706 promae,
1106 636 1138 692 et

148 715 368 794 qulnquaginta
382 713 496 774 talenta
509 713 541 773 in
557 712 696 788 singulos
711 723 811 774 annos
824 728 886 790 per
896 723 997 774 annos
1011 719 1096 774 octo.

231 797 365 860 XXXVI.
387 795 472 858 Haeo
487 797 664 873 conscripta
678 797 789 859 castris
805 798 934 873 propias
948 797 1058 858 arbela
1067 813 1136 858 me·

147 888 185 948 tls
199 883 463 944 Lacedaemonem
483 881 654 956 mittuntur,
676 895 734 942 nec
754 895 831 942 sane
845 882 1011 958 quicquam
1026 893 1137 944 earam

147 968 223 1031 satis
239 965 381 1043 placebat
395 971 545 1045 tyranno,
567 965 627 1026 nisi
642 965 727 1040 qood
741 971 864 1041 praeter
878 977 966 1042 apem
980 967 1136 1027 reducem·

148 1055 257 1114 dorum
278 1051 419 1112 exsulum
441 1050 554 1110 mentio
579 1050 663 1110 nulla
683 1050 763 1110 laeta
777 1055 853 1110 erat·
884 1050 1016 1111 manime
1031 1057 1136 1112 autom

151 1137 285 1200 omnium
305 1149 343 1194 ea
364 1149 415 1194 res
432 1133 623 1208 attendebat,
646 1135 731 1210 quod
753 1139 785 1194 et
802 1145 900 1194 nares
922 1141 955 1196 et
964 1135 1136 1196 maritimae

149 1222 286 1284 civitates
307 1217 470 1294 ademptae
490 1225 587 1279 erant.
619 1218 718 1279 luerat
733 1223 834 1279 atatem
849 1218 877 1278 ei
891 1229 1003 1294 negato
1019 1215 1135 1280 nucea

148 1319 241 1378 mare,
258 1319 378 1365 omnem
391 1317 479 1364 oram
492 1301 612 1364 Maleae
624 1301 830 1378 praedatoriis
844 1303 978 1364 nomano
989 1303 1136 1365 missum

147 1388 281 1450 habenti.
313 1388 498 1448 iuventutem
519 1393 680 1462 praeterea
700 1387 865 1449 elmodam
882 1397 990 1449 samam
1002 1387 1047 1447 ad
1058 1401 1134 1462 sap·

148 1475 334 1552 piamentum
359 1471 450 1547 longe
475 1472 581 1546 optimi
605 1471 727 1546 generis
752 1473 878 1533 militnm
901 1472 1043 1532 habebat.
1075 1471 1135 1532 lraa

149 1555 348 1620 condiciones
373 1569 561 1632 quamquam
578 1555 648 1632 ipse
668 1556 699 1616 in
714 1564 836 1618 secreto
856 1555 1050 1618 removerat
1063 1565 1136 1616 cum

149 1640 264 1716 amicis,
278 1640 371 1716 vulgo
386 1647 487 1702 tamen
502 1647 611 1702 omnes
624 1641 705 1700 lama
719 1639 867 1716 terebant,
881 1641 973 1700 vanis
985 1647 1019 1703 ut
1029 1640 1072 1700 ad·
1083 1655 1135 1700 aa·

149 1731 245 1786 teram
264 1724 371 1796 iidem,
397 1725 443 1785 sio
464 1725 504 1785 ad
519 1729 640 1786 secreta
653 1725 786 1799 tegenda
800 1725 963 1785 satellitum
977 1725 1135 1800 regiorum

148 1807 289 1886 ingeniis.
310 1823 372 1868 non
386 1816 447 1870 tam
462 1810 564 1870 omnia
577 1808 713 1872 universi
729 1823 821 1884 quarn
834 1823 871 1870 ea
883 1823 964 1884 quae
975 1809 1015 1870 ed
1027 1814 1135 1884 quem·

151 1909 213 1970 que
226 1891 413 1969 pertinerent
427 1893 538 1969 singuli
554 1893 731 1969 carpebant.
761 1894 812 1969 qui
827 1895 968 1954 exsulum
983 1893 1135 1968 coniuges

150 1979 179 2038 iri
196 1977 388 2038 matrimonio
409 1977 563 2038 habebant
582 1985 634 2038 aut
648 1992 687 2038 ex
701 1977 791 2039 bonis
807 1990 913 2040 eorum
928 1977 1045 2052 aliquid
1060 1989 1135 2052 pes·

150 2061 303 2134 sederant,
318 2067 474 2138 tamquam
489 2063 630 2122 amissuri
646 2077 707 2122 non
723 2062 872 2124 reddituri
886 2059 1134 2140 indignabantur.

150 2146 249 2206 servis
264 2143 400 2205 liberatis
418 2161 437 2204 a
452 2151 584 2221 tyranno
599 2159 661 2206 non
678 2145 763 2206 irrita
776 2147 871 2208 mode
885 2147 986 2207 lutum
997 2145 1135 2220 libertas,

150 2227 207 2289 sed
221 2229 315 2288 multo
334 2226 454 2289 foedior
470 2245 561 2304 quam
576 2229 686 2290 luisset
700 2237 770 2290 ante
785 2232 916 2292 servitus
931 2229 1135 2290 repetentibus

149 2313 180 2374 in
195 2311 340 2371 iratorum
362 2312 554 2374 dominorum
575 2317 757 2389 potestatem
777 2321 846 2376 ante
862 2314 1135 2377 oculoaobversa·

150 2495 242 2556 aegre
263 2479 417 2556 terebant,
439 2488 469 2542 et
488 2483 618 2544 reditum
638 2481 698 2543 sibi
718 2483 834 2544 nullum
854 2499 927 2544 esse
947 2482 1135 2543 inanitates

149 2565 311 2639 videbant,
333 2562 471 2628 intensas
493 2581 554 2628 non
576 2567 715 2645 tyrannis
729 2567 828 2644 magia
844 2579 937 2644 qaam
951 2565 1134 2628 satellitibus

150 2660 266 2712 eorum.
293 2644 442 2712 XXXVll.
463 2651 540 2712 haec
554 2652 632 2712 inter
647 2667 682 2712 se
698 2651 795 2726 prinmo
809 2652 842 2712 ln
856 2652 982 2712 eirctills
994 2656 1135 2712 serentes

149 2735 295 2806 fremere;
312 2733 424 2795 deinde
436 2735 538 2796 subito
549 2735 589 2796 ad
600 2747 684 2795 anna
696 2733 913 2798 discurrerunt.
930 2735 1135 2812 quammulta

150 2830 219 2877 cum
233 2827 289 2892 per
300 2831 335 2877 se
347 2819 422 2880 satis
435 2817 579 2878 irritatam
590 2819 811 2880 mutitudinem
823 2826 961 2882 cerneret
972 2827 1134 2899 tyrannus,

150 2901 325 2962 contionem
340 2901 486 2962 advocari
501 2901 600 2962 iussit.
622 2902 674 2962 ubi
690 2915 759 2964 cam
770 2917 807 2964 ea
820 2919 900 2981 quae
911 2905 1137 2982 imperarentur

149 2979 188 3045 ab
208 2985 356 3046 Romania
383 2985 597 3060 exposuisset,
626 2993 656 3046 et
676 2988 818 3062 grauora
842 2995 935 3066 atque
960 2986 1138 3064 indigniora

150 3067 303 3146 quaedam
317 3069 395 3130 lalso
411 3067 608 3145 ademisset,
627 3078 658 3132 et
672 3071 713 3132 ad
727 3069 847 3149 singula
861 3083 942 3134 nnnc
957 3073 998 3134 ab
1010 3072 1136 3134 anmer-

149 3154 193 3214 sis
213 3153 480 3230 nuncupantibus
504 3155 656 3216 contionis
671 3159 903 3232 acclamaretur,
925 3157 1137 3233 interrogavit,

150 3238 224 3314 quid
245 3255 282 3301 se
295 3234 489 3314 respondere
504 3240 544 3301 ad
559 3255 596 3301 ea
610 3247 663 3302 aut
678 3240 752 3316 quid
767 3241 869 3303 lacere
884 3243 1006 3302 vellent.
1033 3254 1136 3316 prope

148 3337 211 3382 una
224 3340 302 3386 voce
315 3339 421 3384 omnes
435 3319 509 3384 nihil
520 3323 711 3400 respondere
723 3327 754 3384 et
763 3325 876 3387 bellum
886 3326 953 3401 geri
964 3326 1135 3387 iusserunt.

149 3411 181 3463 et
194 3421 250 3479 pro
266 3421 301 3467 se
317 3408 460 3483 quisque,
477 3409 580 3482 qualia
593 3407 753 3470 multitudo
765 3410 851 3482 solet,
868 3410 984 3470 berlum
998 3409 1136 3470 animum

150 3485 262 3548 habere
278 3497 308 3548 et
321 3491 401 3550 bene
416 3505 543 3567 sperare
557 3489 707 3569 iubentes,
723 3493 808 3554 tortis
823 3494 975 3555 fortunam
987 3491 1137 3554 adiuvare
