2480 3904
184 226 245 288 196
328 226 442 286 LIBER
456 225 575 286 XXXV.
599 223 682 284 CAP.
696 230 740 286 Ἡ.
755 231 800 284 25.
822 229 859 296 [ι.
871 226 906 280 U.
917 244 943 280 a.
954 226 1017 293 560]

184 381 273 441 alatus
289 387 346 440 est.
368 377 489 438 additur
504 377 532 436 ei
547 377 586 436 de
601 376 693 452 plebe
708 377 827 452 collega
838 376 888 435 Μ’.
899 376 1018 437 Acilius
1031 376 1167 440 Glabrio.

185 470 309 540 postero
325 461 375 522 die
392 469 548 536 praetores
565 461 658 522 creati
671 459 704 519 L.
716 459 866 521 Aemilius
880 459 993 522 Paulus
1007 459 1049 520 Μ.
1061 461 1166 522 Aemi-

183 550 242 610 lius
258 546 391 622 Lepidus
414 545 454 606 M.
470 544 574 605 lunius
588 544 700 606 Brutus
721 546 760 604 A.
775 542 936 604 Cornelius
951 543 1118 606 Mammula
1133 545 1164 604 C.

184 631 286 694 Livius
302 636 334 690 et
347 629 380 688 L.
401 627 535 703 Oppius=
561 629 684 704 utrique
700 643 808 688 eorum
823 626 977 690 Salinator
991 643 1166 703 cognomen

183 722 261 784 crata
287 713 405 789 Oppius
420 714 446 774 is
461 719 541 786 erat,
565 713 617 787 qui
632 715 765 773 classem
780 710 885 786 viginti
899 711 1023 772 navium
1040 711 1073 771 in
1089 711 1166 772 Sici-

183 801 253 860 liam
268 800 405 860 duxerat.
436 795 553 857 interim
574 797 646 856 dum
667 794 741 856 novi
762 794 960 870 magistratus
981 797 1167 858 sortirentur

183 880 374 960 provincias,
395 880 436 942 Μ.
451 879 586 942 Baebius
601 877 797 940 aBrundisio
819 894 888 939 cum
906 878 1048 940 omnibus
1065 878 1166 955 copiis

183 965 312 1028 transire
331 965 360 1026 in
375 964 501 1040 Epirum
514 970 563 1026 est
576 963 680 1026 iussus
694 969 726 1024 et
740 961 821 1023 circa
836 963 1033 1038 Apolloniam
1056 962 1166 1038 copias

183 1049 357 1119 continere,
380 1060 410 1109 et
423 1048 463 1108 M.
480 1047 586 1110 Fulvio
603 1047 737 1124 praetori
754 1045 869 1107 urbano
888 1046 1045 1122 negotium
1061 1047 1167 1108 datum

183 1142 243 1207 est,
261 1141 293 1196 ut
307 1133 544 1209 quinqueremes
560 1148 659 1193 novas
678 1128 900 1206 quinquaginta
914 1132 1039 1192 laceret.

267 1209 360 1280 XXV.
380 1217 418 1278 Et
433 1217 567 1292 populus
584 1216 708 1292 quidem
723 1217 880 1276 Romanus
901 1215 943 1275 ita
957 1231 993 1274 se
1008 1215 1050 1276 ad
1066 1215 1168 1275 omnis

183 1311 312 1368 conatus
327 1301 469 1362 Antiochi
485 1299 696 1376 praeparabat
723 1298 816 1358 Nabis
838 1298 898 1358 iam
919 1313 980 1358 non
1003 1298 1169 1359 dili'erebat

182 1389 309 1461 bellam,
331 1386 388 1446 sed
402 1400 521 1446 summa
533 1385 564 1444 vi
580 1383 723 1462 Gytbium
739 1383 954 1460 oppugnabat,
979 1389 1010 1442 et
1023 1383 1168 1443 infensus

181 1471 325 1542 Achaeis,
339 1469 424 1544 quod
435 1469 581 1530 miserant
591 1467 731 1529 obsessis
745 1466 940 1542 praesidium,
953 1481 1047 1542 agros
1058 1481 1169 1527 eorum

183 1554 332 1615 vastabat.
355 1551 472 1614 Achaei
487 1567 546 1612 non
562 1557 653 1612 antea
666 1551 735 1614 ausi
748 1564 914 1626 capessere
926 1549 1054 1622 bellum,
1073 1566 1167 1626 quam

184 1639 221 1697 ab
239 1638 335 1697 Roma
347 1634 547 1695 revertissent
560 1635 665 1710 legati,
683 1641 717 1696 ut
732 1635 806 1710 quid
820 1634 939 1694 senatui
954 1635 1091 1709 placeret
1105 1635 1167 1694 sci-

184 1727 263 1793 rent,
280 1726 352 1795 post
365 1717 494 1780 reditum
509 1720 678 1793 legatorum
693 1726 724 1780 et
738 1717 904 1795 Sicyonem
923 1718 1085 1778 concilium
1100 1717 1169 1776 edi·

183 1810 306 1875 xerunt,
320 1810 350 1863 et
361 1804 479 1879 legatos
493 1802 532 1862 ad
538 1802 570 1862 T.
580 1801 751 1877 Quinctium
763 1803 919 1875 miserunt,
936 1801 989 1876 qui
1002 1800 1168 1863 consilium
1236 1797 1237 1834 r

183 1888 221 1948 ab
238 1903 275 1950 eo
291 1892 438 1964 peterent
464 1887 495 1946 in
516 1887 646 1949 concilio
668 1885 802 1946 omnium
824 1886 864 1946 ad
878 1886 990 1945 bellum
1009 1885 1166 1960 extemplo

184 1972 408 2049 capessendum
424 1970 585 2032 inclinatae
597 1970 764 2030 sententiae
776 1974 877 2028 erant:
899 1969 1017 2030 litterae
1025 1971 1059 2030 Τ.
1072 1967 1162 2042 Quin

185 2057 233 2118 etii
246 2055 469 2118 cunctationem
480 2051 656 2126 iniecerunt,
672 2053 784 2128 quibus
796 2059 903 2114 auctor
914 2059 980 2113 erat
991 2059 1165 2128 praetorem

185 2141 378 2214 classemque
398 2139 566 2200 Romanam
587 2137 798 2211 exspectandi.
829 2152 899 2200 cum
920 2136 1092 2212 principum
1114 2138 1166 2196 alii

184 2224 213 2280 in
234 2221 384 2282 sententia
404 2227 631 2296 permanerent,
657 2221 707 2280 alii
731 2220 877 2280 utendum
903 2221 970 2282 eius
993 2237 1083 2295 quem
1105 2221 1166 2295 ipsi

184 2304 413 2366 consuluissent
433 2303 562 2365 consilio
578 2311 754 2378 censerent,
777 2303 936 2366 multitudo
951 2304 1167 2380 Philopoeme-

184 2391 230 2448 nis
246 2388 426 2449 sententiam
438 2389 648 2463 exspectabat.
672 2395 795 2462 praetor
809 2388 835 2449 is
851 2394 1007 2463 tumeret,
1024 2395 1056 2450 et
1065 2389 1168 2450 omnis

183 2487 220 2533 eo
238 2478 375 2548 ternpore
390 2477 420 2534 et
438 2472 600 2548 prudentia
614 2479 645 2533 et
658 2473 837 2533 auctoritate
859 2473 1002 2533 anteibat.
1030 2472 1058 2533 is
1075 2489 1168 2548 prae-

184 2557 264 2618 latus
279 2557 359 2619 bene
375 2563 584 2632 comparatum
599 2557 682 2632 apud
697 2556 841 2618 Achaeos
863 2571 949 2630 esse,
972 2573 1012 2617 ne
1032 2563 1168 2633 praetor,

184 2657 252 2702 curn
268 2640 307 2702 de
322 2641 402 2702 bello
419 2641 642 2717 consuluisset,
663 2641 732 2716 ipse
752 2641 934 2702 sententiam
949 2640 1080 2715 diceret,
1104 2649 1167 2702 sla-

183 2730 269 2784 tuere
284 2741 376 2798 quarn
392 2725 521 2799 primum
537 2726 625 2799 ipsos
641 2724 715 2799 quid
737 2726 849 2786 vellent
863 2723 968 2786 iussit=
990 2732 1168 2801 praetorem

183 2807 307 2866 decreta
320 2822 427 2867 eorum
443 2824 511 2868 eum
532 2808 594 2868 lide
608 2815 638 2867 et
653 2824 726 2869 cura
741 2815 957 2870 exsecuturum
972 2809 1168 2871 adnisurum·
1232 2853 1233 2866 ,

184 2903 259 2961 que,
275 2895 322 2961 ut,
340 2895 484 2963 quantum
499 2891 530 2949 in
545 2891 673 2952 consilio
689 2892 822 2954 humano
843 2894 976 2969 positum
992 2900 1094 2969 esset,
1110 2909 1167 2954 nec

184 2971 269 3046 pacis
285 2987 340 3032 eos
356 2972 524 3047 paeniteret
539 2990 595 3035 nec
610 2975 690 3034 belli.
713 2977 782 3051 plus
799 2992 837 3038 ea
852 2978 948 3039 oratio
965 2977 1112 3039 momenti
1128 2978 1168 3038 ad

182 3054 352 3117 incitandos
374 3057 413 3115 ad
434 3057 545 3118 bellum
567 3057 685 3133 habuit,
715 3077 806 3136 quarn
828 3062 855 3122 si
876 3067 981 3137 aperte
1003 3063 1166 3124 suadendo

182 3139 378 3215 cupiditatem
392 3155 442 3202 res
457 3143 583 3216 gerendi
604 3143 800 3206 ostendisset.
830 3147 934 3222 itaque
954 3147 1069 3222 ingenti
1093 3163 1162 3208 con·

182 3240 277 3285 sensu
292 3224 404 3286 bellurn
419 3226 575 3288 decretum
590 3232 651 3301 est,
668 3233 788 3304 tempus
801 3236 831 3290 el
841 3229 918 3291 ratio
932 3226 1163 3292 administrandi

182 3309 248 3369 eius
265 3309 359 3369 libera
370 3311 504 3384 praetori
518 3311 678 3385 permissa.
698 3311 931 3388 Philopoemen,
948 3320 1163 3391 praeterquam

183 3393 266 3465 quod
286 3393 327 3452 ita
343 3391 480 3466 Quinctio
504 3396 652 3469 placeret,
675 3402 705 3456 et
726 3396 795 3471 ipse
816 3398 1011 3458 existimabat
1030 3399 1164 3459 classem

182 3473 356 3534 Romanam
375 3479 635 3553 exspectandam,
663 3493 742 3554 quae
768 3496 786 3538 a
812 3481 886 3541 mari
913 3481 1060 3559 Gythium
1088 3481 1163 3542 lueri
