2480 3904
285 231 546 292 trauarmxvr.
568 231 651 292 can.
667 239 709 295 n.
732 243 769 304 a.
786 231 817 292 o.
832 238 895 304 191]
930 304 936 316 ,
1016 233 1079 298 aar

95 385 224 459 milites,
238 384 387 446 intervos
403 399 475 445 esse
488 383 597 457 video,
614 383 710 460 quiin
725 385 783 446 hac
798 387 907 448 eadem
921 390 1080 464 provincia

96 471 130 530 T.
148 465 277 543 Quinctii
298 468 392 529 ductu
413 465 615 544 auspicioque
635 467 844 531 militaveritis.
877 471 1079 534 Macedonico

95 553 179 614 bello
200 549 478 627 inexsuperabilior
498 553 593 613 saltus
611 551 652 612 ad
666 569 783 614 amnem
799 555 900 616 Aoum
916 554 973 616 luit
987 573 1079 632 quarn

97 635 164 696 lric=
193 633 308 711 quippe
330 641 437 712 portae
458 644 530 696 sunt
548 634 640 708 haec,
663 645 693 698 et
712 653 791 698 unus
813 638 891 700 inter
906 638 968 700 duo
983 640 1080 702 maria

95 720 213 780 clausis
234 718 376 780 omnibus
391 719 475 780 velut
489 717 634 780 naturalis
649 720 794 782 transitus
810 729 873 792 esta
894 725 1079 786 munitiones

94 812 127 866 et
142 803 221 864 locis
243 802 514 879 opportunioribus
535 811 607 864 tunc
621 805 742 866 luerunt
757 813 787 866 et
801 805 966 868 validiores
981 809 1079 884 impo-

95 886 192 956 sitae;
215 886 367 948 exercitus
388 885 522 948 hostium
542 887 593 946 illc
613 895 643 948 et
657 905 783 950 nurnero
798 891 895 951 maior
909 897 939 951 et
952 892 1078 953 militum

94 985 213 1047 genere
234 968 390 1046 aliquanto
410 972 533 1032 melior:
563 969 679 1046 quippe
702 971 762 1033 illic
782 973 970 1036 Macedones
985 976 1076 1038 Thm-

95 1069 215 1129 cesque
235 1061 266 1116 et
284 1055 379 1133 Illyrii
400 1062 500 1129 erant,
522 1054 732 1116 ferocissimae
753 1072 859 1118 ornnes
881 1067 1004 1134 gentes,
1028 1059 1078 1120 bic

95 1137 171 1217 Syri
186 1144 217 1200 et
229 1138 356 1200 Asiatici
372 1138 479 1200 Graeci
494 1146 573 1212 sunl,
589 1137 736 1199 vilissima
750 1155 864 1214 genera
878 1139 1034 1202 hominum
1048 1150 1079 1203 el

95 1220 238 1284 servituti
257 1229 345 1294 natm
374 1239 431 1283 rex
452 1223 503 1282 ille
523 1221 790 1296 bellicosissimus,
812 1222 998 1286 exercitatus
1018 1227 1078 1286 iam

95 1305 170 1366 inde
182 1306 221 1367 ab
233 1305 355 1368 iuventa
367 1306 500 1368 finitimis
510 1305 659 1366 Thracum
671 1305 943 1385 atquelllyriorum
955 1314 985 1370 et
996 1309 1079 1370 circa

94 1389 233 1450 omnium
245 1391 419 1452 accolarum
430 1390 528 1463 bellis,
539 1390 597 1464 bie,
610 1395 645 1450 ut
655 1389 744 1451 aliam
756 1407 877 1452 ornnem
888 1391 980 1453 vitam
992 1392 1078 1454 omit·

96 1480 167 1548 tarn,
183 1473 210 1534 is
225 1475 335 1550 estqui
350 1490 420 1535 cum
433 1475 470 1534 ad
483 1473 673 1534 inferendum
684 1475 801 1550 populo
813 1477 952 1538 Romano
964 1477 1078 1538 bellurn

94 1573 135 1618 ex
155 1557 234 1618 Asia
252 1557 284 1618 in
302 1557 457 1634 Europam
477 1557 652 1633 transisset,
672 1556 746 1618 nihil
765 1560 993 1622 memorabilius
1013 1567 1077 1622 toto

96 1648 237 1716 tempore
256 1641 453 1704 hibernorum
473 1641 619 1717 gesserit,
641 1658 732 1717 quam
755 1644 838 1720 qnod
853 1645 966 1707 amoris
982 1661 1078 1705 causa

94 1741 135 1786 ex
152 1725 246 1788 domo
267 1725 387 1800 privata
401 1733 432 1786 et
446 1725 567 1786 obscuri
584 1725 674 1786 etiarn
688 1725 766 1787 inter
779 1728 939 1804 popularis
954 1729 1076 1804 generis

93 1824 226 1871 uxorem
241 1808 335 1884 duxit,
351 1817 381 1870 et
395 1825 495 1870 novus
510 1809 652 1883 maritus,
666 1811 748 1870 velut
762 1811 919 1885 saginatus
935 1813 1075 1886 nuptiali-

4 1921 6 1974 ;
93 1892 155 1958 bus
172 1893 273 1968 cenis,
294 1893 334 1954 ad
348 1909 483 1969 pugnarn
498 1892 657 1968 processit.
692 1909 809 1954 summa
823 1893 931 1956 virium
947 1893 1076 1970 speique

5 2015 6 2020 κ
95 1977 166 2038 eius
177 1977 208 2037 in
219 1977 336 2038 Aetolis
349 1978 413 2050 luit,
428 1984 518 2052 gente
530 1976 697 2037 vanissima
707 1984 737 2036 et
747 1977 960 2052 ingratissima,
974 1985 1008 2038 ut
1018 1995 1076 2040 vos

94 2061 184 2137 prius
206 2062 324 2137 experti
344 2063 435 2135 estis,
455 2077 537 2122 nunc
550 2060 721 2122 Antiochus
736 2062 900 2136 experitur.
935 2077 1006 2121 narn
1019 2077 1076 2122 nec

95 2152 308 2208 convenerunt
328 2145 520 2222 trequenteS,
541 2160 599 2206 nec
621 2145 769 2206 contineri
789 2146 820 2206 iu
842 2145 950 2206 castris
970 2154 1074 2222 potue·

94 2237 176 2303 runt,
192 2229 265 2292 etin
281 2229 432 2292 seditione
446 2228 506 2306 ipsi
520 2229 598 2290 inter
613 2245 684 2290 sese
699 2237 779 2303 sunt,
796 2239 826 2292 et
841 2247 909 2292 cum
923 2231 1076 2308 Hypatam

94 2313 243 2380 tuendam
262 2315 503 2390 Heracleamque
528 2312 802 2389 depoposcissent‚
828 2321 966 2376 neutram
990 2316 1076 2376 tutati

94 2398 276 2474 refugerunt
295 2397 326 2459 in
341 2397 412 2476 iuga
432 2397 594 2472 montium,
614 2414 687 2473 pars
702 2398 869 2459 Heracleae
889 2399 1077 2458 incluserunt

95 2494 180 2542 sese.
216 2497 272 2542 rex
295 2481 363 2558 ipse
388 2483 551 2543 confessus
575 2497 729 2556 nusquam
752 2497 853 2556 aequo
880 2497 988 2554 campo
1015 2499 1076 2542 non

94 2565 191 2628 modo
213 2565 359 2642 congredi
374 2581 408 2626 se
424 2565 463 2626 ad
479 2563 611 2640 pugnam
625 2563 754 2639 audere,
770 2564 880 2624 sedne
896 2571 996 2623 castra
1011 2565 1076 2638 qul-

95 2648 220 2710 demin
241 2657 348 2726 aperto
369 2664 500 2726 ponere,
521 2649 627 2709 relicta
648 2646 729 2709 omni
750 2653 819 2707 ante
840 2661 876 2706 se
890 2646 1015 2721 regione
1031 2661 1076 2722 ea,

97 2750 193 2809 quam
207 2749 243 2794 se
257 2732 346 2796 nobis
362 2749 398 2794 ac
409 2729 720 2808 Philippoademisse
732 2731 927 2806 gloriabatur,
943 2731 1078 2792 condidit

96 2833 131 2878 se
150 2817 229 2878 intra
242 2834 346 2895 rupes,
362 2833 401 2878 ne
417 2824 486 2878 ante
500 2819 606 2878 fauces
622 2817 745 2892 quidem
759 2817 863 2890 saltus,
878 2823 911 2877 ut
923 2815 1075 2890 quondam

94 2900 360 2964 Lacedaemonios
380 2901 460 2962 lama
482 2908 544 2977 est,
568 2901 625 2962 sed
646 2901 725 2962 intra
739 2899 859 2976 penitus
874 2899 1011 2961 retractis
1028 2915 1074 2959 ca-

97 2985 188 3056 stris;
218 2986 302 3062 quod
324 2993 470 3062 quantum
490 2985 615 3046 interest
636 2985 676 3046 ad
692 2985 828 3046 timorem
844 2984 1076 3056 ostendendum,

98 3085 137 3129 an
152 3069 248 3131 muris
269 3070 397 3132 alicuius
419 3069 502 3130 urbis
518 3069 721 3130 obsidendum
736 3084 807 3130 sese
821 3068 1000 3130 incluserit?
1022 3067 1078 3126 sed

98 3168 202 3230 neque
216 3153 400 3217 Antiochum
420 3153 584 3215 tuebuntur
598 3153 772 3230 angustiae,
793 3169 851 3214 nec
866 3153 995 3214 Aetolos
1011 3165 1077 3208 ver·

97 3237 175 3299 tices
197 3237 239 3298 illi
260 3253 341 3314 quos
362 3245 518 3314 ceperunt
554 3237 629 3299 satis
649 3237 786 3313 undique
808 3236 965 3312 provisum
986 3241 1078 3309 atque

99 3327 297 3396 praecautum
318 3329 380 3398 est,
402 3338 442 3382 ne
461 3321 535 3398 quid
556 3322 706 3382 adversus
723 3338 778 3383 vos
794 3321 824 3380 in
839 3335 943 3395 pugna
957 3324 1080 3396 praeter

99 3402 197 3466 bostis
213 3413 307 3468 esset.
339 3407 414 3468 illud
434 3421 609 3482 proponere
624 3407 723 3467 animo
739 3411 843 3466 vestro
859 3402 992 3476 debetis,
1016 3418 1077 3462 non

101 3502 158 3549 vos
171 3506 227 3569 pro
240 3490 386 3552 Graeciae
398 3491 535 3552 libertate
549 3496 665 3552 tantum
679 3489 832 3564 dimicare,
852 3502 1036 3566 quamquam
1051 3484 1078 3544 is
