2506 3898
258 199 374 260 LIBER
386 198 533 261 XXXVII.
555 199 638 260 chr.
651 207 695 264 36.
711 209 756 266 37.
778 207 934 276 [ac-190]
1021 203 1083 268 29³

94 351 281 426 praesentio
294 351 449 412 mentione
460 352 547 426 pacis
559 357 653 414 totam
665 369 769 414 curam
781 355 812 414 in
823 355 895 415 belli
906 363 1085 431 apparatum

93 435 240 496 intendit.
806 473 813 483 η

185 517 333 580 XXXVII.
362 517 480 580 Gonsni
499 517 642 580 omnibus
663 522 856 598 praeparatis
870 522 911 582 ud
926 523 1085 598 proposita

92 602 305 679 exsequenda
319 618 389 663 cum
403 619 448 662 ex.
457 601 577 664 stativis
588 605 745 680 movisset,
756 606 936 676 Dardanum
945 607 1084 682 primum,

91 687 214 748 deinde
227 685 414 762 Rhoeteum,
435 693 566 764 utroque
587 688 707 750 civitate
722 689 843 750 obviam
859 689 974 764 effusa,
991 692 1084 752 venit

90 771 174 832 inde
188 770 276 832 Ilium
296 771 465 846 processit,
487 772 660 848 castrisque
681 775 713 833 in
733 787 858 849 rampo,
882 773 934 850 qui
949 781 998 834 est
1011 775 1071 836 suh

89 856 200 916 iectus
214 853 392 928 moenibus,
418 855 531 930 positis
543 856 574 916 in
588 858 695 918 urbem
711 869 875 934 arcemque
891 873 960 928 cnm
971 873 1083 920 moeu-

92 938 214 1013 disset,
238 938 424 1000 sacrificavit
437 939 594 1000 Minervae
606 941 744 1017 praesidi
758 942 854 1016 arcis,
877 950 907 1002 et
920 941 1084 1004 Iliensibus
1100 949 1103 954 ’

90 1023 127 1082 in
146 1023 230 1084 ommi
250 1037 352 1083 rerum
372 1022 602 1100 verborumque
621 1025 741 1086 honore
754 1025 793 1084 ah
808 1041 843 1084 se
859 1025 1007 1086 oriundos
1021 1026 1083 1086 lto·

89 1122 211 1168 menos
223 1107 477 1183 praeferentibus,
492 1113 524 1168 ct
532 1107 685 1170 Romanis
693 1107 781 1170 iactis
793 1108 913 1184 origine
924 1124 990 1169 sua.
1012 1109 1083 1170 iude

90 1192 230 1266 proiecti
251 1191 354 1252 sextis
369 1189 484 1252 constris¹
495 1191 537 1252 ad
550 1199 645 1268 caput
659 1192 740 1255 Caici
754 1192 855 1252 onmis
868 1200 1082 1267 pervenerunt

90 1291 137 1338 eo
153 1281 185 1336 et
196 1275 350 1336 umores
370 1287 444 1350 ren,
464 1277 563 1352 priruo
578 1284 707 1338 conatus
722 1276 761 1336 ab
776 1277 979 1352 Hetiesponto
991 1277 1082 1336 redu·

91 1375 170 1420 cere
191 1360 325 1420 classen
345 1359 377 1418 in
396 1359 526 1420 hiberna
537 1359 680 1434 Elaeam,
701 1361 843 1422 adversis
857 1361 968 1420 deinde
982 1359 1082 1420 ventis

91 1459 169 1503 cum
190 1443 309 1518 auquot
328 1443 440 1504 debus
459 1459 609 1520 superare
621 1445 737 1506 Lecton
760 1443 1005 1519 promunturium
1021 1459 1082 1504 non

91 1527 261 1602 potuisset,
275 1526 307 1586 in
318 1529 433 1587 terram
442 1542 599 1604 agressus,
613 1545 655 1588 ne
665 1530 790 1590 deesset
800 1528 961 1604 principiis
970 1543 1081 1600 rerum,

92 1627 164 1687 qua
181 1611 355 1686 proximum
375 1609 446 1684 ruit,
468 1612 501 1671 in
520 1613 773 1674 custreRmuana
794 1628 863 1674 cnm
881 1627 977 1688 parva
990 1627 1082 1670 manu

92 1694 265 1756 contendit.
301 1710 340 1754 cx
355 1694 464 1755 castris
478 1694 657 1770 Pergamum
671 1697 821 1756 remissus
837 1697 878 1756 ad
893 1702 1081 1757 commeatus

90 1778 327 1854 expediendos,
347 1776 458 1840 tradito
480 1779 630 1840 frumento
652 1781 763 1854 qubus
777 1778 911 1840 iusserat
926 1779 1034 1840 consui
1049 1779 1081 1838 in

91 1863 210 1924 eadem
221 1863 332 1922 stativa
344 1862 442 1922 rediit.
465 1863 538 1922 inde
552 1863 685 1938 pluuium
699 1863 819 1923 dierum
832 1863 1023 1938 praeparatis
1039 1860 1081 1922 ci·

89 1946 191 2006 bariis
206 1946 367 2010 consitium
382 1952 449 2008 erat
460 1946 506 2008 ire
520 1947 561 2006 ed
575 1947 704 2022 hostem,
721 1947 901 2022 priusquam
915 1945 1013 2005 hierus
1025 1961 1080 2018 op·

90 2031 256 2106 primeret.
417 2057 420 2062 ·

181 2113 669 2194 Regiacastreciscei'hyatirmn
681 2120 777 2174 crant.
797 2114 849 2174 uhi
861 2121 931 2174 cum
941 2112 1081 2172 audisset

89 2196 269 2268 Amiochus
282 2199 315 2258 Ρ.
328 2197 505 2274 Scipionem
520 2215 648 2276 aegrum
656 2199 782 2260 Elaeam
797 2199 938 2273 dotatum,
952 2198 1080 2272 legatos,

93 2284 159 2358 qui
170 2283 266 2343 titium·
283 2284 325 2344 ad
344 2298 414 2344 eum
433 2283 630 2357 reducerent,
652 2283 743 2343 misit.
778 2298 840 2342 non
862 2283 963 2343 animo
980 2283 1080 2342 solum

92 2366 195 2442 pauiu
216 2375 336 2442 gratum
355 2381 484 2440 munus,
506 2367 564 2426 scd
584 2365 706 2441 corpori
729 2381 854 2440 quoque
868 2367 992 2426 salubre
1005 2381 1079 2440 gau·

93 2451 180 2511 dium
195 2451 265 2520 init3
289 2452 481 2526 comtusque
491 2449 614 2512 tandem
627 2450 794 2522 complexu
801 2447 857 2506 fiiii
870 2447 1080 2522 „renuntiate‘

92 2535 195 2610 inquit
210 2535 343 2610 ‚punias
358 2535 425 2610 regi
438 2550 487 2594 me
498 2549 605 2608 agere:
627 2535 743 2594 referre
757 2531 885 2606 gratiam
898 2529 986 2590 aliam
997 2545 1079 2591 nunc

92 2635 156 2680 non
172 2634 277 2694 posse,
294 2635 386 2694 quam
400 2626 434 2678 ut
444 2619 602 2692 suadeam,
616 2633 655 2678 nc
667 2623 738 2676 ante
749 2615 782 2674 in
792 2615 887 2674 aciem
900 2613 1078 2688 descendat,

93 2717 187 2778 quam
208 2703 240 2761 in
260 2711 361 2764 castra
380 2719 431 2762 me
450 2703 574 2762 redisse
592 2700 753 2764 audierit“
790 2713 974 2774 quamquam
989 2712 1078 2758 sexa-

92 2783 267 2861 gintaduo
283 2787 367 2846 mitia
386 2787 537 2864 peditum,
565 2788 637 2862 plus
657 2783 819 2846 duodecim
840 2781 922 2842 milia
942 2782 1077 2858 equitum

92 2871 213 2931 animos
228 2871 379 2931 irruendum
392 2873 435 2932 ad
448 2887 537 2946 spem
552 2868 727 2932 certaminis
739 2868 901 2942 iaciebant,
918 2875 1021 2928 motus
1034 2874 1077 2926 ta·

92 2969 165 3016 men
180 2953 353 3016 Antiochus
375 2957 450 3016 tanti
470 2957 651 3016 auctoritate
670 2953 741 3024 viri,
763 2953 795 3011 in
810 2968 872 3028 quo
888 2950 928 3011 ad
943 2951 1077 3012 incertos

92 3037 165 3098 belii
188 3045 323 3099 evanum
341 3039 445 3100 mnois
462 3041 602 3099 tortuose
624 3043 771 3113 posuerat
786 3035 939 3108 subsidia,
960 3035 1079 3109 recepit

92 3137 144 3195 se,
170 3128 201 3181 et
221 3129 438 3198 transgressus
456 3122 622 3200 Phrygium
644 3137 766 3182 amnem
784 3121 868 3180 circa
887 3118 1077 3194 Magnesiam

93 3219 175 3280 quoe
193 3205 237 3265 ad
249 3204 390 3284 Sipplmn
410 3214 460 3266 est
479 3207 587 3282 posuit
604 3213 720 3276 costra;
748 3211 847 3278 etue,
869 3203 896 3262 si
918 3201 1078 3263 extrahere

91 3294 216 3364 tempus
230 3291 330 3366 veliet,
344 3289 530 3352 munimenta
540 3290 670 3352 Rotnani
682 3295 872 3363 temptarent,
888 3287 1006 3346 fossam
1020 3298 1076 3343 sex

94 3372 195 3433 cuhita
209 3375 310 3448 uitam,
326 3374 490 3436 duodecim
504 3377 595 3435 latam
611 3389 682 3435 cum
696 3373 846 3443 duxisset
864 3377 951 3430 extra
961 3368 1078 3445 duplex

93 3457 207 3518 vadum
232 3457 338 3519 iosuae
358 3457 572 3535 circumdedit,
597 3457 740 3519 interiore
762 3455 847 3516 labro
868 3467 987 3515 murum
1008 3465 1077 3512 cum
