2482 3902
117 307 120 320 ,
182 241 245 306 140
303 237 563 302 umnaxxxrv.
581 208 1044 308 cnr.1r.1a.m.[..u.0.'eerr

182 395 327 456 bellatum
351 400 407 453 est.
443 389 550 450 decem
570 387 653 451 milia
673 385 857 447 Celtiberum
876 385 1021 447 mercede
1041 387 1163 448 linduli

177 478 367 552 conducunt,
383 473 554 548 alienisque
569 471 661 532 annis
676 470 826 546 parabant
839 469 964 532 betlrmr.
997 473 1108 532 consul
1123 473 1164 532 in·

182 562 269 623 terim
282 558 450 620 rebellione
461 555 711 631 Bergistanorum
721 553 811 628 ictus,
826 559 945 616 ceteras
957 569 1084 631 quoque
1096 556 1165 616 civi·

181 653 260 707 tates
274 651 360 704 ratus
374 655 432 717 per
447 636 644 712 occasionem
659 638 740 698 idem
755 639 900 713 iacturas,
923 654 1009 699 arma
1023 641 1165 703 omnibus

183 729 228 792 cis
243 728 367 788 Iberum
380 724 527 802 Hispanis
545 722 660 784 adimit
683 737 774 799 quom
788 731 855 782 rem
868 720 949 783 adeo
964 737 1057 798 aegre
1073 727 1166 802 passi,

181 823 216 876 ut
228 811 314 873 multi
333 817 462 872 mortem
477 807 599 868 sibimet
613 805 673 882 ipsi
688 805 932 882 consciscerent,
955 807 1045 868 ferox
1058 823 1166 884 genus,

182 898 297 958 nullam
309 896 403 955 vitam
415 892 473 952 rati
488 892 554 953 sine
569 891 662 952 armis
677 906 760 952 esse.
789 890 874 966 qued
888 890 941 951 ubi
956 892 1078 954 consuli
1092 909 1165 955 nun-

181 981 285 1042 tiatum
303 986 359 1053 est,
375 983 536 1040 senatores
551 975 684 1037 omnium
700 975 866 1037 civitatium
880 975 921 1035 ad
935 991 971 1036 se
987 977 1092 1041 vocari
1106 977 1166 1040 ius-

182 1065 232 1138 sit,
247 1071 340 1139 atque
354 1063 391 1123 iis
406 1078 488 1139 „non
502 1063 628 1121 nostra“
642 1059 742 1136 inquit
760 1059 879 1135 „magis
896 1075 987 1134 quam
1001 1067 1109 1122 vestra
1120 1079 1166 1123 re-

182 1152 242 1210 iert
261 1165 321 1210 ros
341 1163 404 1209 non
424 1145 589 1220 rebellare,
612 1145 764 1222 siquidem
784 1143 816 1205 id
829 1143 946 1206 maiore
959 1143 1167 1221 Hispanorum

182 1235 262 1295 malo
275 1247 368 1308 quam
379 1231 532 1292 exercitus
545 1229 675 1291 Romani
686 1229 792 1290 labore
804 1243 929 1304 semper
940 1229 1041 1292 adhuc
1054 1232 1167 1293 iactum

183 1323 240 1378 cst.
272 1316 304 1376 id
323 1322 358 1377 ut
377 1330 417 1375 ne
437 1314 505 1388 ilat,
531 1330 593 1375 uno
613 1313 708 1374 modo
730 1313 862 1374 arbitror
883 1315 984 1375 caveri
1005 1331 1118 1392 posse,
1140 1318 1166 1385 si

183 1400 326 1462 ellectum
340 1399 404 1474 erit,
420 1413 460 1458 ne
474 1398 602 1473 possitis
618 1397 778 1459 rebellare.
812 1399 885 1460 volo
899 1397 932 1459 id
947 1415 1039 1474 quam
1052 1401 1166 1462 mollis·

183 1487 261 1546 sima
279 1484 331 1544 via
346 1481 505 1558 consequi.
540 1497 599 1544 vos
616 1495 742 1557 quoque
757 1481 788 1541 in
804 1497 842 1542 ea
854 1497 890 1543 re
905 1483 1034 1546 consilio
1048 1499 1100 1544 me
1114 1485 1164 1544 ad-

181 1569 293 1630 iuvate.
326 1569 442 1628 nullum
461 1565 604 1628 libentius
628 1580 742 1642 sequar
762 1581 854 1642 quarn
875 1567 1096 1642 quadrosmet
1109 1569 1166 1644 ipsi

183 1651 372 1719 attuleritis.“
403 1651 574 1712 tacentibus
595 1650 729 1727 spatium
747 1665 783 1712 se
800 1649 842 1711 ad
856 1650 1087 1714 deliberandum
1104 1654 1167 1714 die

181 1754 250 1804 rum
266 1751 436 1812 paucorum
451 1736 525 1796 dere
540 1737 625 1798 dixit.
654 1751 724 1798 cum
736 1736 873 1797 revocati
887 1738 1026 1799 seeundo
1042 1755 1167 1816 quoque

183 1821 313 1882 concilio
327 1821 506 1896 tacuissent,
521 1838 584 1883 uno
600 1821 651 1882 die
664 1821 761 1884 muris
776 1821 911 1882 omnium
927 1821 1043 1896 dirutis,
1059 1823 1100 1883 ad
1111 1838 1167 1884 eos

183 1905 235 1982 qui
249 1905 385 1968 nondum
400 1906 550 1982 parebant
563 1905 729 1981 proiectus,
746 1909 780 1966 ut
793 1906 824 1966 in
841 1921 995 1982 quamque
1008 1906 1169 1982 regionem

181 1995 323 2066 venerat,
346 2004 454 2050 omnes
477 1990 530 2066 qui
550 1991 631 2051 circa
651 1989 828 2050 incolebant
841 1990 976 2065 populos
991 1989 1021 2050 in
1037 1991 1168 2052 deditio

181 2075 390 2151 nemaccepit.
411 2073 602 2150 Segesticam
613 2080 738 2150 mnium,
749 2089 876 2150 gravem
887 2080 979 2151 atque
990 2077 1168 2152 opulentam

181 2160 349 2231 civitatem,
367 2157 465 2217 vineis
480 2163 511 2218 et
525 2159 636 2233 pluteis
652 2158 742 2234 cepit.
764 2159 884 2220 llVlll.¹
896 2173 934 2221 eo
950 2160 1099 2222 maiorem
1113 2161 1167 2222 ha-

180 2243 273 2302 bebat
287 2241 497 2301 difficultatem
511 2242 541 2302 in
557 2241 736 2318 subigendis
749 2242 892 2304 hostibus
909 2261 1001 2320 quam
1013 2245 1066 2319 qui
1077 2245 1168 2320 primi

179 2331 328 2386 venerant
342 2324 373 2384 in
386 2323 582 2402 Hispaniam,
604 2326 689 2402 quod
704 2327 744 2387 ad
758 2328 827 2390 illos
841 2326 948 2390 taedio·
960 2328 1079 2404 imperii
1096 2329 1168 2390 Car·-

179 2409 415 2486 thaginiensium
425 2409 555 2488 Hispani
570 2403 761 2488 deficiebant,
777 2411 848 2474 lmic
863 2428 903 2473 ex
914 2419 1064 2490 usurpata
1076 2413 1168 2473 liber-

180 2502 241 2556 tate
255 2495 286 2556 in
299 2495 477 2556 servitutem
487 2497 571 2558 velut
584 2495 747 2558 adserendi
759 2502 855 2556 erant.
877 2502 908 2556 et
918 2497 960 2558 ita
970 2504 1053 2558 mota
1065 2500 1169 2559 omnia

181 2580 308 2656 accepit,
324 2585 358 2641 ut
372 2581 422 2644 alii
436 2579 467 2640 in
481 2581 574 2641 armis
589 2586 703 2656 essent,
719 2579 770 2656 alii
785 2579 948 2642 obsidione
963 2581 1003 2641 ad
1018 2582 1167 2644 deiectio·

180 2679 250 2724 nem
273 2672 471 2740 cogerentur,
498 2681 557 2726 nec
577 2665 636 2726 nisi
657 2665 688 2726 in
710 2671 849 2741 tempore
869 2665 1053 2727 subventum
1074 2667 1167 2741 toret,

179 2749 259 2808 ultra
283 2749 480 2810 sustentaturi
505 2749 626 2810 inerint.
662 2749 771 2810 sedin
797 2749 926 2811 consule
947 2765 984 2812 ea
1004 2751 1052 2812 vis
1074 2752 1167 2811 animi

180 2837 273 2904 atque
293 2831 406 2904 ingenii
427 2832 496 2904 luit,
518 2839 553 2893 ut
573 2834 675 2893 omnia
695 2834 827 2895 maxima
846 2833 1033 2911 minimaque
1054 2850 1112 2911 per
1132 2852 1167 2896 se

180 2913 381 2988 adiretatque
392 2922 506 2990 ageret,
518 2931 576 2978 neo
587 2917 837 2993 cogitamtmodo
849 2918 1166 2996 imperaretquequae

179 2996 210 3057 in
223 3011 288 3056 rem
310 3005 430 3073 essent,
452 2999 510 3060 sed
523 3002 672 3080 pleraque
686 3002 755 3079 ipse
768 3017 826 3079 per
840 3018 875 3064 se
888 3003 1086 3079 transigeret,
1108 3019 1166 3064 nec

179 3081 210 3142 in
225 3097 410 3157 quemquam
425 3083 557 3145 omnium
571 3086 693 3160 gravius
707 3087 909 3163 severiusque
922 3104 1014 3163 quam
1025 3087 1056 3148 in
1068 3094 1167 3148 semet

177 3166 281 3244 ipsum
302 3165 463 3242 imperium
484 3176 656 3243 exerceret,
679 3169 867 3249 parsimonia
888 3179 919 3232 et
941 3171 1053 3247 vigiliis
1073 3181 1105 3234 et
1122 3175 1165 3233 la-

178 3252 254 3313 bore
283 3265 353 3311 cum
380 3251 492 3312 ultimis
520 3252 646 3314 militum
676 3260 821 3330 certaret,
852 3265 910 3315 neo
940 3256 1106 3333 quicquam
1134 3257 1165 3314 in

177 3333 317 3478 ξξξέξιθιὲι
337 3351 395 3396 suo
416 3335 575 3412 praecipui
595 3343 716 3413 praeter
730 3337 880 3400 honorem
895 3345 987 3416 atque
1002 3339 1162 3417 imperium

261 3500 339 3561 XIX.
372 3502 533 3565 Difficilius
560 3503 673 3566 bellum
701 3506 732 3567 in
756 3507 941 3570 Turdetania
967 3509 1103 3586 praetori
1128 3507 1153 3568 P
