2482 3902
194 215 455 278 ttssaaxxxlv.
479 219 561 281 cna.
575 228 675 286 cccc.
699 224 779 300 [ab.
796 229 858 296 194]
950 223 1011 288 loe

49 385 96 444 per
115 382 165 429 eos
186 367 251 428 dies
275 369 394 443 collega
413 368 480 429 eius
501 368 542 428 Μ.
563 369 690 431 Porcius
709 372 782 432 cato
804 389 844 434 ex
859 372 1012 449 Hispania

47 451 233 526 triumphavit.
266 451 382 512 tulitin
403 467 441 513 eo
466 453 620 528 triumpho
643 457 759 530 argenti
780 456 883 516 inlecti
904 458 1010 532 viginti

48 533 167 612 quinque
194 535 275 595 milia
298 535 412 610 pondo,
441 535 534 611 bigati
561 544 681 598 centum
705 539 811 614 viginti
836 541 894 601 tria
918 542 1010 616 milia,

47 619 174 680 Oscensis
196 618 361 695 quingenta
382 620 598 695 quadraginta,
620 623 685 682 auri
706 623 810 698 pondo
831 625 912 684 mille
935 642 1011 700 qua·

48 704 196 778 dringenta.
218 702 362 764 militibus
378 719 417 762 ex
431 705 548 778 praeda
560 705 663 766 divisit
676 705 705 765 in
717 707 857 782 singulos
870 709 1009 769 ducenos

48 787 234 862 septuagenos
249 786 340 861 aeris,
355 787 467 863 triplex
482 787 586 863 equiti.

115 871 156 932 Ti.
175 869 375 946 Sempronius
401 871 511 931 consul
535 871 565 932 in
587 873 777 949 provinciam
801 877 958 952 proiectus
979 875 1009 936 in

47 955 171 1016 Boiomm
188 955 316 1030 primum
339 970 445 1030 agrum
466 955 605 1030 legiones
621 955 716 1018 duxit.
744 957 870 1020 Boiorix
883 965 947 1020 tum
962 976 1009 1020 re-

48 1041 119 1111 gulus
134 1053 236 1100 eorum
252 1054 322 1100 cum
337 1038 459 1100 duobus
473 1039 617 1102 iratribus
631 1048 696 1102 tota
706 1049 796 1117 gente
808 1045 959 1104 concitata
970 1044 1009 1104 ad

48 1121 233 1184 rebellandum
248 1129 351 1182 castra
360 1123 438 1184 locis
450 1124 565 1199 apertis
577 1125 690 1202 posuit,
704 1133 739 1186 ut
748 1135 912 1202 appareret
923 1127 1009 1186 dimi-

50 1212 167 1280 caturos,
188 1206 215 1267 si
229 1207 329 1268 hostis
346 1207 416 1268 finis
431 1207 586 1286 intrasset.
615 1210 724 1272 consul
739 1210 791 1270 ubi
808 1217 941 1286 quantae
958 1226 1008 1270 oo·

49 1289 113 1366 piae,
125 1297 234 1367 quanta
247 1291 364 1353 fiducia
378 1299 464 1353 esset
476 1290 573 1367 hosti,
589 1295 696 1368 sensit,
709 1293 847 1354 nuntium
861 1293 903 1354 ad
918 1294 1009 1354 colle-

49 1388 102 1446 gam
113 1375 210 1448 mittit,
225 1381 267 1450 ut,
283 1375 311 1436 si
324 1375 481 1438 videretur
495 1377 532 1451 ei,
548 1383 712 1438 maturaret
725 1378 846 1438 vermez
868 1393 904 1438 se
917 1378 1008 1452 tergi·

50 1459 177 1520 versando
193 1459 223 1518 in
239 1459 407 1520 adventum
421 1460 488 1522 eius
502 1475 566 1520 rem
583 1469 798 1524 extracturum.
822 1477 902 1538 quae
915 1477 1011 1522 causa

50 1542 146 1602 consuli
161 1543 332 1616 cunctandi,
348 1544 457 1606 eadem
473 1544 582 1620 Gallis,
603 1552 818 1622 praeterquam
835 1546 920 1621 quod
936 1561 1007 1606 cun-

50 1624 119 1687 ctatio
138 1625 269 1689 hostium
291 1629 411 1690 animos
432 1627 577 1704 iaciebat,
598 1630 642 1690 rei
663 1630 862 1692 maturandae
877 1636 955 1704 erat,
977 1636 1010 1689 ut

49 1709 203 1788 priusquam
225 1712 484 1788 coniungerentur
499 1716 659 1774 consulum
675 1715 798 1790 copiae,
818 1729 883 1774 rem
897 1715 1008 1776 transi·

50 1802 140 1866 gerent.
165 1812 220 1872 per
233 1796 363 1858 biduum
376 1803 478 1857 tamen
493 1797 567 1856 nihil
584 1798 666 1859 aliud
683 1815 775 1874 quam
789 1804 939 1858 steterunt
953 1815 1008 1872 pa-

50 1878 91 1937 rati
108 1879 143 1938 ad
166 1881 379 1957 pugnandam,
408 1879 525 1954 siquis
552 1887 658 1942 contm
678 1882 883 1957 egrederetur.
919 1883 1009 1942 tertio

50 1962 149 2024 subiere
172 1965 211 2026 ad
232 1966 362 2040 vallum,
390 1970 554 2040 castraque
574 1965 664 2026 simut
685 1966 724 2026 ab
745 1965 827 2026 omni
849 1971 936 2040 parte
955 1965 1009 2024 ad-

51 2049 127 2117 gressi
139 2055 216 2110 suut.
253 2050 366 2110 consul
380 2065 465 2110 arma
479 2050 633 2125 extemplo
649 2063 761 2126 capere
774 2049 886 2109 milites
900 2046 1009 2118 iussit;

51 2139 159 2194 amatos
172 2135 244 2195 indo
260 2133 421 2210 paulisper
434 2133 596 2210 continuit,
617 2141 651 2196 ut
665 2140 695 2194 et
708 2131 850 2196 stolidam
864 2132 1008 2192 fiduciam

50 2210 111 2275 hosti
120 2224 249 2292 augeret,
265 2224 297 2278 et
307 2217 488 2293 disponeret
499 2219 615 2294 copias,
633 2217 742 2294 quibus
756 2232 899 2294 quaeque
911 2217 1009 2294 portis

51 2306 228 2375 tmmperent.
261 2302 342 2362 duae
362 2300 500 2378 legiones
522 2303 642 2363 duabus
667 2303 886 2378 principalibus
911 2301 1009 2376 portis

51 2381 118 2454 signa
136 2384 245 2446 efferre
265 2387 381 2446 iussae.
411 2385 513 2446 sedin
529 2387 598 2462 ipso
615 2387 698 2446 exitu
711 2387 754 2446 ita
769 2386 898 2446 conferti
915 2385 1009 2446 obsti·

50 2467 97 2524 tere
109 2468 180 2529 Galli
200 2476 235 2530 ut
249 2469 428 2530 clauderent
440 2469 531 2530 viam.
563 2471 616 2530 diu
630 2471 661 2528 in
675 2469 825 2544 augustiis
841 2474 1009 2544 pugnatum

51 2555 90 2607 est
116 2569 169 2612 nec
190 2554 308 2615 dextris
329 2553 427 2628 magis
447 2554 621 2630 gladiisque
641 2553 805 2627 gerebatur
824 2566 891 2624 res,
917 2567 1009 2624 quam

51 2634 124 2696 scutis
145 2639 391 2714 corporibusque
412 2637 491 2712 ipsis
513 2637 619 2698 obnixi
639 2636 804 2710 urgebant,
827 2633 957 2695 Romani
977 2639 1011 2693 ιιι

50 2715 215 2790 signatores
236 2723 395 2794 efferrent,
419 2721 496 2782 Galli
515 2727 549 2781 ut
565 2721 660 2781 autin
676 2725 778 2779 castra
791 2717 852 2794 ipsi
868 2725 1009 2792 penetra-

50 2809 112 2876 rent,
132 2813 181 2866 aut
202 2807 288 2870 exire
301 2809 459 2868 Romanos
480 2805 686 2883 prohiberent.
720 2817 778 2864 nec
800 2808 870 2862 ante
884 2801 915 2861 in
929 2801 1010 2862 hanc

50 2887 173 2950 aetitiam
186 2899 307 2966 partem
321 2890 438 2952 moveri
452 2891 535 2951 ecies
550 2895 730 2964 potuerunt,
748 2903 840 2963 quam
854 2885 888 2962 Q.
903 2887 1009 2949 Victo-

49 2967 98 3029 nus
120 2975 205 3048 primi
231 2977 285 3052 pili
312 2975 447 3037 centurio
469 2981 500 3036 et
520 2975 550 3035 C.
572 2974 693 3035 Atinius
713 2972 852 3032 tribunus
873 2970 1009 3043 militum,

51 3062 156 3124 quartae
168 3059 228 3133 hic,
242 3061 294 3121 ille
308 3057 466 3121 secundae
474 3057 614 3134 legionis,
628 3074 694 3118 rem
705 3057 736 3117 in
748 3057 869 3132 asperis
882 3056 1010 3132 proeliis

50 3149 126 3213 saepe
137 3149 326 3220 temptatam,
343 3143 432 3220 signa
446 3144 590 3219 adempta
604 3141 756 3218 signiferis
771 3141 803 3202 in
815 3140 915 3202 bostis
931 3141 1010 3200 leoe-

50 3230 110 3283 btut.
137 3227 207 3288 dum
227 3235 370 3306 repetunt
390 3227 481 3288 enixe
498 3229 635 3304 siguum,
656 3227 776 3302 priores
791 3223 960 3286 secundani
975 3235 1011 3280 se

51 3313 121 3376 torta
144 3312 271 3374 eiecere.
302 3313 421 3374 XLVII.
453 3312 512 3373 iam
533 3311 565 3372 hi
584 3317 671 3372 extra
695 3310 807 3371 vallum
832 3303 1008 3382 pugnabant

51 3399 140 3460 quarta
157 3395 277 3471 legione
297 3398 328 3458 in
343 3403 433 3474 porta
449 3396 610 3466 haerente,
633 3410 702 3457 cum
716 3393 795 3453 atius
809 3389 955 3451 tumultus
971 3401 1011 3446 ex

52 3484 143 3538 aversa
161 3487 247 3555 parte
268 3489 438 3544 castrorum
459 3489 507 3544 est
520 3487 656 3543 exortus.
689 3477 720 3540 in
733 3481 852 3622 plolrtem
868 3477 1010 3550 quaesto·
