2480 3904
209 253 270 319 178
357 253 474 316 LIBER
487 253 608 314 XXXV.
631 251 713 312 CAP.
729 259 755 312 Ἃ.
765 257 794 312 ὃ.
806 258 833 314 t.
856 256 893 325 [a.
907 256 942 308 U.
955 272 978 308 c.
990 255 1055 323 559]

205 405 295 468 nibus
311 404 518 477 decernerent,
533 401 681 477 adquam
696 416 766 464 eum
781 401 906 461 militem
921 401 960 461 ab
975 416 1011 462 se
1027 401 1098 478 ipso
1112 404 1188 462 scri-

207 497 291 566 ptum
316 503 356 548 ex
376 485 503 552 senatus
529 487 670 557 consulto
691 484 872 560 adiecisset,
898 485 1024 562 eligeret
1044 500 1085 550 ex
1106 489 1187 548 omni

206 587 331 643 numero
347 585 405 634 sex
419 571 502 632 milia
516 575 547 633 et
560 569 710 637 ducentos
725 568 860 644 pedites,
882 569 1001 646 equites
1015 576 1188 634 trecentos=

205 673 243 719 ea
257 671 294 718 se
307 655 427 730 legione
437 687 481 699 -
492 669 562 720 narn
576 653 609 717 iu
622 651 804 728 Sexlligitii
815 653 953 716 exercitu
966 651 1052 725 haud
1062 654 1188 716 multum

206 741 272 817 spei
288 754 487 800 esse-rem
504 745 671 814 gesturum
708 735 848 806 seniores
863 751 977 812 negare
991 737 1188 804 adnumeres

206 843 225 886 a
237 823 364 901 privatis
379 831 493 887 temere
508 822 678 900 ingratiam
692 821 923 896 magistratuum
935 822 1087 894 confictos
1099 837 1187 883 sena-

206 917 255 970 lus
277 909 417 970 consulta
436 907 579 968 iacienda
599 920 686 968 esser
714 905 774 969 nisi
795 905 879 988 quod
898 911 952 977 aut
972 911 1132 984 praetores
1150 923 1188 966 ex

206 991 372 1070 provinciis
394 991 567 1069 seriberent·
584 996 637 1053 aut
650 989 742 1066 legati
755 989 978 1064 renuntiarent,
1000 988 1076 1062 nihil
1089 997 1187 1055 ratum

205 1077 313 1138 haberi
326 1075 449 1136 debere.
482 1075 509 1136 si
523 1076 670 1146 tumultus
684 1073 721 1150 in,
729 1073 879 1150 Hispania
892 1080 985 1150 esset,
1002 1074 1129 1150 plapere
1144 1083 1186 1136 tu-

206 1159 385 1224 mulluarios
405 1157 515 1220 milites
537 1166 624 1220 extra
637 1158 752 1222 ltaliam
773 1156 867 1218 scribi
880 1174 899 1218 a
913 1163 1066 1234 praetore.
1100 1174 1186 1223 mens

207 1260 245 1306 ea
265 1251 396 1320 senatus,
411 1244 481 1316 luit,
502 1249 535 1304 ut
555 1241 588 1316 in
600 1240 754 1320 Hispania
769 1241 954 1302 tumultuarii
974 1241 1085 1310 milites
1105 1245 1185 1318 lege-

205 1337 319 1390 rentur.
346 1329 489 1388 Valerios
503 1327 612 1394 Antias
633 1333 665 1394 el
683 1326 714 1388 in
729 1324 862 1389 Siciliam
876 1323 1041 1405 navigasse
1055 1326 1186 1390 dilectus

207 1429 302 1474 causa
314 1413 344 1473 G.
355 1412 535 1484 Flaminium
549 1410 663 1486 scribit,
681 1417 712 1472 et
726 1425 769 1473 ex
775 1407 878 1470 Sicilia
889 1408 1069 1486 Hispaniam
1080 1415 1187 1486 peten-

206 1503 275 1570 tem,
290 1495 514 1571 tempestatem
527 1495 662 1567 Africam
677 1493 824 1566 delatum,
841 1508 938 1571 vagos
952 1493 1063 1554 milites
1078 1493 1119 1561 de
1134 1511 1187 1554 ex-

206 1581 302 1642 ercitu
315 1580 347 1640 P.
362 1578 498 1644 Africani
520 1583 711 1641 sacramento
733 1593 886 1653 rogassem
900 1576 948 1638 bis
970 1577 1100 1652 duarum
1118 1595 1186 1655 pro-

206 1665 373 1731 vinciarum
388 1663 548 1725 dilectibus
562 1663 683 1722 tertium
698 1661 728 1720 in
742 1662 892 1736 Hispania
906 1661 1069 1732 adiecisse.

288 1747 338 1806 ΙΙΙ.
358 1746 421 1808 Nec
442 1746 573 1808 initalia
590 1746 715 1822 segnius
730 1745 875 1822 Ligurum
889 1745 1002 1808 bellum
1017 1747 1186 1818 crescebat.

205 1831 292 1892 Pisas
307 1831 372 1906 iam,
382 1831 584 1908 quadraginta
598 1831 680 1892 milia
694 1830 859 1905 bominum,
878 1828 1033 1892 adfluente
1049 1832 1188 1910 quotidie
1234 1871 1235 1942 l

206 1916 400 1981 mullitudine.
418 1916 459 1976 ad
472 1917 582 1976 lamam
596 1915 668 1976 belli
683 1929 834 1990 spemque
848 1915 997 1991 praedae,
1020 1916 1187 1980 circumse-

207 2001 328 2070 debant.
360 2001 512 2062 Minucius
535 2000 643 2060 consul
655 1999 808 2060 Arretium
824 1999 874 2059 die
888 2015 980 2074 quarn
994 1999 1136 2072 edixerat
1149 2001 1188 2060 ad
1233 2011 1234 2102 l

207 2085 456 2156 conveniendum¹
470 2083 613 2144 militibus
629 2083 721 2144 venit.
757 2083 829 2144 inde
845 2083 994 2158 quadrato
1009 2083 1132 2162 agmine
1147 2084 1188 2143 ad

206 2168 293 2231 Pisas
315 2168 415 2238 auxia
446 2175 475 2227 et
496 2183 564 2228 cum
583 2166 690 2232 hostes
711 2182 773 2229 non
793 2168 864 2242 plus
885 2167 966 2246 mille
981 2184 1132 2242 passuum
1148 2169 1189 2228 ab

207 2253 323 2326 oppido
336 2258 418 2324 tram
430 2249 557 2312 fluvium
568 2251 738 2316 movissent
748 2257 857 2323 castra,
866 2253 974 2312 consul
985 2251 1092 2316 urbem
1104 2251 1190 2312 haud
1231 2279 1232 2284 κ

207 2336 299 2396 dubie
313 2343 466 2398 servatam
480 2337 613 2397 adventu
627 2351 684 2410 sup
700 2341 748 2398 est
761 2335 930 2410 ingressus.
953 2343 1078 2410 postero
1095 2335 1148 2396 dle
1161 2345 1190 2396 ct

206 2418 275 2494 ipse
290 2427 380 2480 trans
396 2418 523 2481 fluvium
537 2421 720 2496 quingentos
736 2418 830 2480 lerme
844 2434 957 2494 passus
972 2419 1011 2481 ab
1025 2418 1117 2490 hoste
1132 2437 1189 2496 po-

207 2505 267 2565 suit
281 2512 391 2566 castra.
420 2505 492 2566 inde
506 2504 625 2566 levibus
641 2501 766 2580 proeliis
781 2519 800 2565 a
814 2503 1064 2582 populationibus
1079 2519 1191 2578 agrurn

206 2589 361 2658 sociorum
384 2589 551 2651 tutabatur:
583 2588 613 2648 in
635 2589 730 2658 aciem
757 2587 842 2656 exire
865 2603 927 2663 nqn
949 2587 1083 2653 audebat
1104 2603 1190 2648 novo

206 2675 298 2734 milite
319 2681 403 2737 etex
418 2674 519 2735 multis
539 2673 702 2749 generibus
717 2670 873 2732 bominum
888 2673 1031 2746 collecto,
1053 2672 1190 2732 necdum

205 2763 279 2817 noto
300 2759 375 2818 satis
397 2759 475 2818 inter
494 2773 544 2829 se,
565 2764 599 2818 ut
619 2757 715 2818 fidere
735 2755 786 2819 alii
801 2756 868 2816 aliis
883 2763 1020 2832 possent
1056 2756 1189 2832 Ligures

205 2840 396 2900 multitudine
421 2839 488 2900 freti
509 2846 539 2899 et
559 2841 589 2900 in
611 2841 706 2902 aciem
722 2839 860 2914 exibant,
887 2840 983 2916 parati
1004 2840 1187 2906 desummo

204 2937 306 2984 rerum
328 2923 510 2998 decernere,
532 2932 562 2986 et
575 2924 766 3002 abundantes
784 2924 910 2985 militurn
924 2939 1051 2986 numero
1067 2925 1186 3002 passim

205 3007 316 3068 mullas
337 3023 446 3068 manus
468 3021 523 3084 per
537 3013 674 3078 extrema
687 3007 792 3077 finium
808 3009 847 3069 ad
862 3008 1074 3084 praedandum
1090 3009 1187 3072 mitte-

203 3091 286 3166 bant,
299 3099 408 3154 etcum
421 3099 528 3154 coacta
538 3093 586 3154 vis
597 3108 709 3169 magna
721 3106 868 3174 pecorum
881 3093 1081 3169 praedaeque
1092 3102 1188 3169 esset,

204 3182 342 3251 paratum
358 3185 424 3238 erat
443 3177 644 3252 praesidium,
668 3192 724 3252 per
738 3193 817 3251 quos
834 3176 864 3236 in
879 3175 1005 3238 castella
1019 3191 1127 3240 eorum
1140 3178 1187 3237 vi-

204 3275 323 3336 cosque
337 3267 488 3338 ageretur.

286 3343 338 3405 lv.
368 3344 442 3406 Cum
466 3343 580 3404 bellum
597 3341 785 3418 Ligustinum
811 3344 851 3413 ad
871 3343 959 3404 Pisas
985 3345 1185 3416 constitisset,

207 3429 313 3492 consul
334 3429 409 3488 alter
433 3430 466 3488 L.
483 3426 640 3494 Cornelius
654 3425 771 3486 Merula
792 3441 847 3500 per
867 3433 1023 3490 extremos
1039 3428 1186 3512 Ligurum

203 3504 273 3567 linis
297 3511 463 3570 exercitum
477 3509 508 3568 in
524 3523 629 3584 agrum
642 3509 787 3570 Boiorum
804 3507 932 3588 induxit,
947 3511 1001 3572 ubi
1016 3512 1108 3588 longe
1123 3511 1186 3572 alia
