2482 3902
159 164 222 233 152
326 165 442 230 libila
455 167 588 230 xxxiv.
614 167 697 229 cai.
711 173 756 230 aa.
779 173 817 242 [ι.
829 173 865 230 ιι,
876 190 901 226 e.
912 173 997 278 terp

243 319 361 381 XXXII.
382 320 433 380 Ad
446 320 524 380 haee
538 318 703 394 inmorator
713 317 871 380 Romanus
885 317 1039 393 ‚amicitia
1050 326 1081 380 et
1093 335 1146 382 so-

160 405 259 467 eiotae
276 405 367 466 notis*
384 405 467 464 anila
480 411 596 476 tecum
618 403 675 463 aed
690 417 760 463 enon
771 401 887 478 Pelope
899 415 974 477 rege
986 403 1144 464 Lacedae-

159 490 335 550 moniorum
351 487 434 548 insto
453 498 491 547 aa
510 486 645 562 legitimo
667 487 748 550 laeta
764 491 826 560 est,
849 485 937 548 onius
952 485 1002 548 ius
1017 490 1144 566 tyranni

160 587 301 650 quoque,
324 572 376 647 qai
397 576 507 647 postea
522 571 652 647 pervim
665 575 828 632 tenuerent
840 570 1076 632 lacedaemone
1090 573 1145 633 im·

160 657 295 733 perium,
312 655 385 731 quia
405 669 463 716 nos
480 655 563 714 bella
581 669 663 716 nune
682 653 799 716 Punica
817 667 901 716 nuno
921 654 1038 716 Gallina
1060 671 1145 717 nune

160 741 219 802 alia
238 747 278 801 eri
296 739 364 800 ahie
385 746 626 815 occupaverant,
647 743 853 815 nemparaotp
872 739 953 800 sieut
968 744 1002 800 tu
1016 753 1144 816 qnoque

159 825 220 886 hoe
232 821 434 886 Macedonico
447 822 532 884 bello
545 823 652 884 iecisti.
677 839 747 883 nam
762 823 837 898 qnid
849 822 950 884 mnne
965 823 1146 885 eonveniret

161 923 253 986 quarn
267 921 333 982 eos,
349 907 403 984 qui
416 915 474 984 prb
488 907 627 968 libertate
642 907 787 968 Graeciae
802 905 954 968 adversus
967 906 1144 983 Philippum

160 997 338 1069 gereremuo
357 991 486 1066 bellum,
509 1005 578 1052 eum
592 998 723 1070 tyranno
738 991 899 1052 instituere
910 991 1094 1052 amicitiamn
1113 1000 1147 1053 et

63 1095 66 1102 ·
160 1084 292 1156 tyranno
307 1091 399 1153 quam
415 1077 467 1153 qui
483 1089 629 1152 rrmqnam
643 1075 700 1136 luit
714 1075 897 1136 saevieeimo
912 1081 943 1136 et
956 1074 1144 1137 violentissi-

161 1171 213 1222 mo
227 1161 259 1220 in
274 1173 360 1222 sune.
396 1160 487 1222 nobie
501 1173 587 1232 vero,
606 1159 724 1222 etiamsi
738 1160 841 1234 Argoa
855 1174 916 1220 aee
929 1159 1071 1234 oepisses
1088 1177 1145 1236 per

161 1245 300 1306 fraudem
313 1257 372 1305 nee
385 1250 516 1318 teneres,
531 1243 729 1306 liberantibus
745 1257 866 1304 omnem
878 1242 1038 1304 Graeciam
1047 1243 1144 1304 Laea-

161 1331 293 1390 daemon
315 1343 440 1404 quoque
460 1328 645 1389 vindicanda
664 1329 695 1388 in
716 1327 872 1404 antiquam
892 1327 1064 1388 libertatern
1079 1335 1146 1389 erat

161 1414 254 1490 atquo
270 1413 301 1472 in
315 1412 400 1488 leges
415 1425 499 1484 suas,
515 1425 645 1488 qnarmn
657 1413 750 1474 modo
763 1418 919 1488 nmquam
933 1413 1072 1473 aemulus
1082 1412 1144 1491 Ly-

162 1498 247 1574 enrgi
262 1497 445 1558 mentionem
461 1495 568 1557 iecisti.
601 1511 640 1557 an
654 1503 689 1557 nt
702 1497 741 1556 ab
755 1497 826 1558 Iaso
841 1503 872 1557 et
885 1496 1040 1574 Bargyliis
1056 1513 1145 1572 prae-

161 1581 242 1643 sidia
251 1576 382 1657 Philippi
394 1580 594 1658 deducantur,
602 1594 695 1641 aurae
706 1581 763 1642 erit
773 1580 878 1641 nobie:
893 1581 995 1656 Argos
1008 1587 1038 1642 et
1047 1580 1145 1642 Laee·

162 1665 357 1739 daemonem
386 1665 465 1725 deas
494 1665 679 1726 clarissimae
708 1665 822 1740 urben
846 1665 961 1726 mmma
987 1665 1144 1742 qnondam

162 1748 318 1822 Graeciae,
333 1749 391 1810 snb
407 1748 539 1824 pedibus
555 1750 617 1810 luia
628 1750 849 1826 relinquamus,
863 1764 943 1826 quae
955 1749 1073 1810 titulum
1088 1767 1142 1812 no<

160 1833 209 1893 bis
224 1832 370 1894 liberatae
382 1831 529 1894 Graeciae
543 1833 715 1896 servientes
729 1835 922 1895 detornant
936 1839 967 1894 at
977 1833 1058 1896 enim
1074 1849 1144 1894 eum

159 1915 302 1994 Phiiippo
314 1917 420 1992 Argivi
432 1925 604 1980 senserunt.
619 1918 798 1979 renitnmos
809 1917 870 1978 hoo
882 1915 943 1991 tibi,
957 1933 996 1978 ne
1007 1925 1145 1978 nostram

160 2001 260 2062 vinem
280 2000 435 2062 irascaris.
467 2002 543 2062 eatis
564 2009 753 2078 eompertum
772 2001 922 2063 hahenme
943 2001 1074 2065 duorum
1092 2009 1146 2064 aut

161 2091 313 2147 summum
332 2084 422 2147 trium
441 2085 472 2146 in
487 2099 524 2144 ea
537 2097 585 2158 re,
608 2101 671 2146 non
692 2086 824 2147 civitatis
838 2087 959 2162 enlpam
973 2101 1060 2156 essm
1084 2094 1145 2148 tam

160 2168 288 2229 hercule
303 2181 395 2244 quam
409 2167 439 2227 in
453 2175 484 2229 te
494 2174 610 2245 tuoque
620 2169 777 2245 praesidio
788 2171 977 2231 arcessendo
990 2170 1145 2245 aeeipien·

161 2253 267 2327 doque
288 2252 319 2310 in
334 2262 436 2311 areem
450 2252 524 2312 niiril
538 2267 611 2314 esse
625 2254 748 2329 publico
765 2253 895 2316 oonsilio
910 2261 1020 2316 aetum.
1048 2253 1145 2315 Thes-

162 2337 247 2397 salos
262 2341 293 2396 et
305 2335 475 2397 Phocensis
490 2337 694 2399 othomensis
709 2353 865 2400 oomensu
880 2339 1016 2399 omniurn
1028 2333 1145 2400 soimna

37 2435 40 2442 ¹
161 2420 292 2496 partium
312 2419 443 2497 Philippi
467 2421 580 2492 frisam
608 2429 709 2483 tamen
736 2438 805 2484 enm
826 2429 929 2483 emera
947 2422 1145 2484 liberavimus

163 2503 307 2566 Graecia=
330 2505 405 2582 qnid
418 2507 542 2568 malem
556 2519 667 2568 censes
681 2508 710 2566 in
722 2507 855 2582 Argivis,
871 2507 925 2583 qui
936 2509 1076 2570 insontes
1090 2524 1144 2584 pu-

161 2589 233 2650 bliei
249 2590 369 2652 consilii
383 2589 452 2665 sint,
468 2593 625 2654 laetnroet
646 2605 806 2653 servornm
820 2591 860 2652 ad
871 2590 1041 2652 libertatem
1051 2607 1144 2652 voea-

161 2680 307 2736 toramen
322 2675 483 2749 egentibus
497 2676 670 2738 hominibus
682 2677 747 2752 agri
759 2675 848 2736 divisi
864 2674 988 2736 erimina
998 2676 1052 2737 tibi
1064 2676 1143 2738 obiei

161 2757 303 2832 dicebaS,
325 2771 386 2818 non
408 2760 533 2834 quidem
552 2775 609 2820 nee
630 2761 700 2835 ipsa
718 2759 902 2822 medioeriar
922 2760 981 2820 aed»
995 2761 1142 2836 quidiste

162 2841 394 2914 abelmeola,
417 2857 496 2917 quae
517 2850 582 2903 ate
593 2845 716 2918 teloque
737 2843 875 2920 quotidie
894 2845 953 2905 alia
974 2861 1070 2921 super
1085 2845 1143 2906 alia

161 2923 300 2984 facinora
314 2924 466 2986 eduntote
486 2925 598 2987 exhibe
607 2927 733 2988 liberam
746 2928 917 2990 bontionem
928 2929 978 2989 vei
989 2929 1083 3005 arpis
1095 2929 1143 2989 vei

160 3005 403 3082 Lacedaemone,
419 3009 446 3070 ei
461 3009 568 3070 audire
581 3010 664 3073 iuvat
676 3027 752 3073 vera
765 3013 981 3074 dominationis
993 3013 1142 3090 impoten-

160 3092 300 3154 tissimae
314 3090 448 3154 enhnna.
467 3100 502 3154 nt
515 3095 618 3156 omnia
632 3096 692 3157 alia
704 3099 874 3160 vaustina
889 3097 1034 3173 omittam,
1050 3113 1142 3174 quarn

162 3177 289 3238 eaedem
302 3178 395 3256 Argia
408 3178 600 3258 Pythagoras
617 3180 676 3242 lete
689 3195 784 3256 gener
797 3189 867 3255 tuns
882 3190 981 3257 paene
997 3181 1028 3242 in
1045 3179 1142 3243 oanis

161 3262 241 3323 me‘ie
254 3264 368 3325 elidite
396 3274 489 3343 (snam
501 3271 531 3326 tu
548 3263 626 3343 ipse,
642 3277 713 3328 enm
725 3266 786 3327 itm
799 3267 898 3342 prope
911 3265 942 3326 in
957 3265 1071 3327 linibus
1085 3265 1140 3327 La-

161 3345 429 3410 eedaemoniomm
444 3346 567 3409 asenna
590 3349 734 3425 agerium,
758 3366 837 3425 quos
854 3349 884 3410 in
901 3349 1044 3412 contione
1059 3365 1140 3410 eom·

158 3427 335 3500 prehensos
357 3432 498 3493 omnibus
519 3429 712 3495 audientibus
734 3433 852 3496 &vibra
873 3433 933 3496 tuis
953 3435 984 3495 in
999 3433 1141 3496 custodia
