2482 3900
255 233 371 296 LIBER
385 235 489 296 XXXI.
514 237 596 297 CAP.
612 243 655 299 49.
667 249 710 300 50.
731 246 768 314 [a.
781 247 813 302 C.
825 248 887 315 200]
1015 244 1056 308 45

72 393 166 447 tatem
186 399 290 446 rerum
315 392 470 460 gestarum
492 389 558 448 eius
580 390 629 450 cui
648 397 750 454 tantus
771 391 871 455 honos
893 394 1057 458 haberetur

72 471 211 546 populus
232 470 389 531 Romanus
410 471 538 532 videret
568 489 697 548 ecquem
722 492 762 536 ex
783 492 820 538 eo
845 481 982 540 exercitu
1003 482 1056 556 qui

71 569 144 615 cum
156 553 251 614 Gallis
261 556 451 630 pugnaverit,
467 556 494 614 si
505 573 566 616 non
578 557 709 633 militem,
725 560 816 622 lixam
829 563 936 622 saltem
947 564 1054 640 baisse,

72 654 165 712 quem
182 638 376 712 percunctari
391 647 500 715 posset
510 648 636 702 senatus
649 644 723 718 quid
733 646 798 704 veri
811 655 934 720 praetor
945 649 1055 708 vanive

70 723 228 782 adtemett
249 721 377 782 comitiis
392 722 505 784 deinde
519 725 599 784 diem
614 727 725 798 edixit;
749 728 860 804 quibus
876 730 970 791 creati
984 741 1054 793 sunt

70 808 218 868 consules
232 805 267 865 L.
281 806 438 867 Cornelias
451 807 597 870 Lentulus
612 809 644 868 P.
657 811 766 872 Villius
781 813 949 890 Tappulus.
964 832 1052 890 prae-

70 898 153 950 tores
168 890 243 951 inde
258 891 329 950 lacti
342 889 375 950 L.
392 891 547 965 Quinctius
562 893 748 956 Flamininus
763 897 795 955 L.
810 898 952 959 Valerius
966 899 1052 961 Flac·

71 991 125 1035 cus
139 975 175 1034 L.
192 973 475 1055 Villius'lappulus
497 975 549 1034 Gn.
565 976 698 1039 Baebius
712 980 899 1056 Tamphilus.

152 1059 188 1117 L.
216 1059 349 1119 Annona
369 1075 494 1134 quoque
516 1075 554 1120 eo
568 1077 648 1122 anno
669 1063 796 1137 pervilis
818 1065 882 1124 luit.
912 1066 1052 1127 linamenti

68 1143 128 1202 vim
142 1155 288 1218 magnam
303 1159 343 1203 ex
356 1143 461 1204 Africa
476 1143 635 1204 advectam
648 1147 764 1206 aediles
780 1149 901 1208 curules
912 1149 952 1208 Μ.
965 1149 1051 1212 Clau·

68 1227 138 1287 dias
148 1225 315 1288 Marcellus
328 1232 359 1286 et
369 1225 440 1286 Sex.
462 1227 570 1288 Aelius
581 1226 692 1290 Paetus
702 1221 783 1291 binis
794 1233 875 1291 aeris
887 1231 917 1290 in
929 1233 1050 1293 modios

67 1311 186 1386 populo
212 1309 392 1372 diviserunt.
424 1319 455 1371 et
473 1311 565 1372 ludas
585 1312 744 1374 Romanos
768 1331 879 1390 magno
901 1325 1052 1392 apparatu

67 1395 223 1468 tecenmt,
246 1394 326 1454 diem
346 1411 441 1456 uaurn
455 1395 669 1457 instaurarunt.
702 1399 791 1474 signa
803 1415 900 1460 aenea
915 1401 1051 1477 quiaque

68 1493 103 1538 ex
123 1477 303 1540 multaticio·
316 1485 442 1552 argento
462 1479 493 1539 ia
514 1481 632 1542 aerario
654 1491 832 1558 posuerunt.
860 1483 971 1560 plebeii
985 1485 1049 1545 ludi

67 1563 103 1622 ab
123 1561 279 1624 aedilibus
299 1561 333 1622 L.
354 1562 494 1624 Terentia
515 1562 684 1626 Massiliota
705 1576 735 1628 et
755 1567 807 1627 Cn.
828 1567 944 1630 Baebia
961 1569 1048 1629 Tarn-

65 1646 167 1721 philo,
190 1647 243 1723 qui
264 1655 388 1722 praetor
407 1646 586 1724 designatus
601 1658 680 1722 erat,
702 1658 749 1711 ter
762 1652 816 1714 toti
829 1651 997 1714 instaurati.
1020 1662 1050 1714 et

64 1731 125 1791 ludi
152 1731 301 1791 funebres
324 1746 362 1792 eo
383 1747 463 1792 anno
489 1747 546 1806 per
571 1733 773 1807 quadriduum
798 1736 828 1796 in
850 1737 917 1798 loro
942 1737 1048 1798 mortis

65 1831 161 1877 causa
181 1815 223 1876 M.
238 1815 354 1875 Valerii
373 1814 500 1876 Laevini
520 1833 539 1876 a
556 1815 589 1875 P.
612 1825 642 1877 et
660 1817 701 1878 M.
721 1819 792 1879 filiis
818 1822 884 1882 eius
910 1821 996 1890 lacti;
1019 1829 1049 1881 et

64 1915 177 1962 munus
192 1898 405 1974 gladiatorium
417 1901 519 1960 datum
534 1899 572 1960 ab
587 1901 642 1971 iis,
656 1903 743 1978 paria
755 1903 890 1980 quiaque
902 1911 932 1965 et
942 1905 1048 1980 viginti

62 1992 251 2060 pugnarunt,
284 1981 324 2043 M.
346 1973 488 2045 Aurelius
510 1985 596 2046 Cotta
616 1987 771 2047 decemvir
791 2003 948 2049 sacrorum
968 2005 1048 2049 mor·
1233 2003 1234 2088 {

62 2075 151 2130 tuus:
175 2068 206 2128 in
222 2067 290 2128 eius
306 2071 407 2128 locum
421 2066 461 2127 M
477 2069 595 2131 Acilius
612 2070 734 2132 Glabrio
754 2070 913 2134 suffectus.

148 2151 287 2214 comitiis
309 2151 425 2212 aediles
446 2155 567 2214 curules
583 2157 675 2216 creati
690 2163 763 2216 sunt
776 2157 854 2218 forte
869 2155 972 2226 ambo,
995 2157 1048 2234 qui

62 2237 167 2299 statim
196 2237 340 2312 occipere
368 2237 576 2311 magistratum
601 2255 663 2300 non
687 2247 826 2316 possent.
858 2257 929 2301 nam
954 2241 1047 2302 Gaius

62 2321 225 2384 Cornelias
240 2319 392 2396 Cethegus
412 2322 526 2382 absens
548 2331 668 2385 creatus
684 2333 762 2398 erat,
787 2341 855 2386 cum
868 2324 1048 2402 Hispaniam

63 2405 218 2468 obtineret
237 2405 441 2480 provinciam
465 2406 495 2465 c.
516 2405 658 2468 Valerius
677 2407 822 2481 Flaccus,
847 2425 938 2486 quem
959 2426 1046 2485 prae-

63 2497 184 2552 sentem
201 2497 389 2560 creaverant,
406 2490 478 2565 quta
489 2488 602 2550 flamen
613 2492 708 2553 Dialis
720 2499 792 2566 erat,
807 2493 908 2552 iurare
919 2493 950 2552 in
961 2495 1047 2567 leges

61 2591 122 2636 non
146 2580 284 2650 poteratr
305 2573 514 2650 magistratum
532 2581 633 2634 autern
647 2577 716 2650 plus
732 2575 868 2650 quinque
883 2575 966 2648 dies,
987 2576 1046 2636 nisi

64 2660 115 2735 qui
129 2659 270 2720 iurasset
283 2657 316 2718 in
332 2659 427 2734 leges,
442 2674 504 2718 non
519 2657 632 2718 licebat
645 2673 761 2734 gerere.
785 2665 909 2734 petente
923 2658 1045 2733 Flacco,

61 2751 94 2804 ut
106 2743 235 2818 legibus
246 2743 433 2814 solveretur,
459 2749 587 2804 senatus
601 2742 751 2814 decrevit,
772 2750 814 2814 ut,
830 2743 856 2802 si
871 2742 978 2804 aedilis
995 2745 1046 2820 qui

62 2843 117 2901 pro
134 2843 173 2888 se
187 2827 302 2888 iuraret
315 2827 460 2888 arbitratu
476 2829 636 2888 consulum
651 2827 751 2900 daret,
775 2828 935 2904 eonsules,
957 2826 985 2888 si
1000 2830 1045 2890 eis

62 2912 237 2986 videretur,
263 2927 333 2972 curn
357 2910 486 2972 tribunis
513 2911 612 2986 plebis
634 2919 775 2986 agerent,
801 2913 843 2974 uti
864 2911 902 2972 ad
924 2913 1046 2988 plebem

64 2997 188 3056 terrent.
224 2996 313 3056 datus
332 2993 384 3071 qui
396 2993 510 3056 iuraret
524 3012 581 3072 pro
597 2997 689 3056 treme
702 2995 735 3054 L.
751 2996 894 3057 Valerius
905 2977 1044 3069 Flaccus,

63 3087 191 3153 praetor
224 3078 414 3154 designatus.
451 3077 564 3140 tribuni
590 3081 630 3140 ad
658 3078 779 3156 plebem
806 3082 952 3156 tulerant,
980 3083 1047 3157 pte-

62 3162 183 3240 besque
198 3161 297 3238 scivit,
314 3170 348 3226 ut
362 3163 491 3238 perinde
505 3174 590 3226 esset
603 3181 641 3224 ac
655 3162 682 3224 si
695 3161 765 3238 ipse
779 3165 887 3226 aedilis
903 3165 1045 3224 iurasset.

63 3255 93 3307 et
115 3249 156 3308 de
177 3247 276 3310 altero
302 3247 402 3308 aedile
425 3247 535 3308 scitam
559 3249 641 3324 plebi
663 3250 844 3310 estfactum
868 3248 1044 3322 rogantibus

62 3331 210 3406 tribunis,
231 3348 312 3408 quos
333 3331 413 3392 duos
435 3331 466 3391 in
480 3332 660 3408 Hispaniam
675 3349 745 3394 cum
758 3332 886 3409 imperio
902 3331 942 3392 ad
957 3346 1043 3394 exer-

65 3415 144 3477 citus
163 3415 209 3476 ire
223 3415 379 3491 iuberent,
405 3423 440 3476 ut
454 3415 486 3476 C.
502 3417 658 3479 cornelius
674 3417 782 3479 aedilis
798 3415 911 3477 canalis
927 3414 967 3476 ad
980 3432 1044 3478 ma·

64 3500 224 3572 gistrattua
238 3501 406 3576 gerendum
420 3500 546 3577 veniret,
560 3511 590 3564 et
601 3501 634 3562 L.
646 3500 777 3564 Manlius
789 3499 938 3562 Acidinus
954 3499 1037 3574 decc·
