2506 3898
182 221 246 288 2⁹8
289 221 405 283 LIBER
417 220 565 312 mvii.
587 217 670 279 cnr.
683 224 838 281 eruam
860 223 897 291 [ι.
913 221 949 276 u.
963 240 988 275 e.
1001 221 1066 290 aar]

185 375 278 448 uatis,
298 375 444 450 angebat,
465 374 599 433 clamore
619 377 649 432 et
669 369 708 430 ah
729 369 788 429 alia
801 368 1061 430 circumstantium
1075 367 1167 431 turba

184 457 339 534 multiplici
355 457 483 518 adiectu.
517 456 559 516 ita
573 453 674 515 medio
688 453 766 514 inter
780 454 858 514 duas
873 451 958 512 acies
974 468 1086 528 campo
1100 451 1167 513 exi-

182 549 296 618 guntur
316 539 498 618 quadrigam
520 545 684 613 amotoque
697 536 780 596 inani
795 535 941 610 ludibrio,
965 544 1029 596 turn
1043 536 1165 596 demum

184 627 226 686 ad
244 626 357 686 iustum
378 623 527 699 proelium
550 621 639 698 signo
652 621 806 695 utrimque
820 621 891 680 dato
908 634 1095 681 coneursum
1108 626 1165 680 est

183 707 273 768 XLII.
302 713 435 768 ceterum
457 722 536 767 vana
551 705 602 766 iila
615 720 666 766 res
680 719 773 764 verae
786 719 860 766 mox
874 701 972 763 cladis
988 718 1086 764 causa
1100 701 1165 764 luit

183 790 299 854 auxilia
312 789 392 850 enim
406 789 605 862 subsidiaria,
628 803 708 864 quae
723 785 863 863 proxima
876 788 977 848 locata
991 795 1095 860 crunt,
1111 803 1165 861 pa-

185 889 262 936 vore
276 879 308 934 et
321 874 569 936 consternatione
583 871 799 948 quadrigarum
813 871 925 942 territa,
944 870 1060 946 etipsa
1074 871 1105 930 in
1120 871 1165 930 ln·

182 972 254 1033 gam
265 971 357 1018 versa
366 957 521 1018 nudarunt
531 958 632 1020 omnia
642 971 743 1030 usque
754 955 795 1015 ad
804 953 1019 1030 cataphractos
1032 955 1165 1030 equites.

184 1040 225 1102 ad
250 1053 330 1116 quoa
354 1055 423 1102 oum
444 1041 602 1117 dissipatis
627 1038 774 1101 subsidiis
794 1037 989 1113 pervenisset
1009 1039 1165 1114 epulatus

184 1124 351 1200 Romanus,
370 1139 409 1185 ne
425 1125 553 1200 primurn
567 1125 689 1201 quidem
702 1123 847 1198 impeturn
860 1137 934 1198 pars
950 1137 1058 1182 eorum
1074 1121 1166 1182 susti·

185 1215 330 1270 nuarunt=
351 1206 402 1269 alii
415 1209 475 1270 iusi
496 1216 581 1280 sunt,
605 1208 655 1269 alii
674 1213 800 1282 propter
814 1205 991 1282 gravitatem
1006 1211 1165 1280 tegumen-

183 1298 285 1353 torum
305 1308 520 1368 armorumque
542 1290 685 1368 oppressi
699 1297 779 1351 sunt.
806 1296 902 1351 tntum
916 1289 1029 1349 deinde
1043 1289 1166 1349 laevum

183 1390 282 1437 cornu
295 1375 464 1445 inclinavit;
483 1383 514 1437 et
527 1376 655 1437 turbatis
669 1373 867 1434 auxiliaribus
880 1373 931 1450 qui
943 1373 1021 1434 inter
1030 1374 1165 1447 equitem

184 1466 216 1520 et
238 1475 317 1534 quos
340 1460 496 1534 appeliant
515 1457 705 1533 phalangitas
725 1463 826 1531 erant,
847 1472 948 1532 usqua
970 1457 1011 1518 ad
1030 1453 1164 1517 mediam

182 1543 280 1602 aciem
296 1549 395 1602 terror
409 1542 556 1618 parvenit.
583 1541 624 1601 ihi
638 1540 728 1600 simul
742 1539 907 1616 perturbati
923 1541 1096 1602 ordinasse
1110 1540 1161 1599 im·

185 1625 306 1699 peditus
327 1624 499 1686 intercursu
520 1641 647 1685 snorum
665 1639 743 1685 usus
757 1625 991 1700 praelongarum
1005 1623 1164 1685 hastarum

183 1708 354 1768 —sarisas
368 1707 555 1770 Macedones
566 1714 680 1769 vocant
689 1739 746 1782 -,
761 1707 890 1769 intulere
904 1706 993 1782 signa
1003 1707 1164 1770 Romanae

183 1790 337 1865 legiones,
360 1798 390 1851 et
403 1792 465 1866 pila
477 1791 508 1852 in
525 1790 719 1868 perturbatos
733 1791 903 1854 coniecere.
937 1807 976 1852 ne
990 1790 1163 1866 interpositi

184 1873 308 1950 quidem
330 1875 484 1950 elephanti
498 1876 622 1936 militem
634 1875 805 1936 Romanum
820 1875 1027 1948 deterrebant,
1050 1875 1162 1935 adsua-

184 1967 247 2020 tum
261 1959 321 2018 inm
336 1960 374 2020 ah
388 1959 503 2021 Atridis
514 1959 603 2020 bellis
618 1965 648 2020 et
661 1959 758 2020 vitare
771 1958 916 2034 impetum
929 1958 1053 2029 beluae,
1075 1966 1162 2018 etex

182 2049 361 2104 transverso
376 2051 427 2104 aut
441 2043 511 2118 pilis
526 2043 698 2116 incessere,
720 2048 772 2103 aut
785 2042 813 2102 si
825 2043 954 2118 propius
968 2040 1073 2101 subire
1087 2058 1162 2116 pos·

183 2132 246 2199 set,
267 2126 369 2198 gladio
390 2141 502 2186 nervos
519 2125 664 2186 incidere.
698 2124 758 2186 iam
772 2125 872 2186 media
886 2123 968 2186 acies
983 2126 1048 2184 iere
1063 2127 1164 2185 omnis

181 2223 201 2265 a
216 2209 483 2282 lronteprostrata
494 2213 567 2279 erat
583 2215 615 2268 et
625 2205 765 2268 subsidia
776 2208 931 2269 circumita
941 2207 979 2268 ab
992 2214 1078 2282 tergo
1093 2225 1164 2268 eae-

182 2289 347 2365 debantur,
368 2306 436 2350 urm
457 2290 488 2350 in
508 2298 596 2367 parte
616 2291 676 2352 alia
690 2292 791 2366 lugam
803 2307 929 2352 suorum
942 2298 973 2352 et
987 2307 1088 2368 prope
1103 2293 1165 2352 iarn

142 2391 147 2402 ·
181 2373 221 2432 ad
244 2373 313 2448 ipsa
333 2381 434 2436 castra
454 2375 618 2436 clamorem
638 2375 813 2450 paventium
833 2387 991 2451 accepera
1026 2391 1165 2452 namque

181 2457 351 2519 Antiochus
366 2474 386 2518 a
400 2459 508 2520 dextro
530 2474 640 2533 cornu,
662 2475 730 2520 cum
746 2457 789 2519 ibi
803 2459 916 2520 tiducia
929 2457 1064 2520 flaminis
1078 2461 1166 2520 nulla

181 2541 322 2604 subsidia
333 2549 471 2604 cemeret
482 2550 604 2618 praeter
616 2548 758 2619 quattuor
768 2547 883 2603 turmas
894 2542 1040 2618 equitum,
1055 2549 1085 2602 et
1094 2559 1164 2615 aas,

181 2625 254 2686 dum
274 2627 430 2702 applicant
444 2641 479 2688 se
494 2628 575 2702 suis,
596 2628 694 2702 ripam
708 2626 866 2699 nudantia,
888 2625 1033 2702 impetum
1047 2627 1078 2686 in
1094 2643 1165 2688 earn

180 2717 298 2782 partem
320 2726 390 2771 cunr
411 2710 532 2772 aumtiis
553 2718 584 2772 et
598 2709 792 2785 cataphracto
808 2710 945 2786 equitatu
958 2709 1038 2770 lecit.
1070 2726 1165 2772 neca

181 2793 280 2852 trente
294 2799 409 2854 tanturn
423 2793 564 2867 instabat,
579 2794 636 2854 sed
651 2792 807 2856 circumito
818 2810 838 2854 a
849 2791 974 2854 flumine
989 2810 1088 2855 cornu
1102 2794 1163 2854 iam

180 2875 219 2934 ah
239 2877 335 2935 latere
352 2877 495 2950 urgebat,
516 2877 615 2936 donea
633 2877 728 2951 lugati
748 2879 867 2952 equites
882 2877 1027 2952 primun,
1048 2879 1164 2938 deinde

180 2957 311 3032 proximi
335 2959 472 3034 peditum
491 2957 591 3020 effuso
613 2976 705 3020 cursu
726 2962 766 3022 ad
787 2967 887 3022 castra
907 2962 1060 3036 compulsi
1080 2969 1163 3022 sunt.

179 3041 281 3102 thtt.
306 3049 448 3117 praeerat
467 3043 576 3104 castris
589 3041 630 3102 lu.
644 3044 791 3105 Aemilius
805 3045 945 3106 tribunus
959 3046 1102 3120 militurn,
1121 3045 1161 3104 ht

179 3124 287 3202 Lepidi
307 3126 403 3200 iilius,
426 3127 478 3200 qui
499 3133 571 3200 post
590 3142 709 3201 paucos
729 3144 827 3190 annos
849 3129 987 3203 pontifex
1007 3128 1161 3188 maximus

180 3210 279 3272 lactus
301 3216 357 3270 cst.
387 3226 449 3284 qua
469 3210 571 3284 iugum
592 3209 737 3270 cernebat
755 3227 897 3285 suorum,
918 3227 987 3274 curn
1001 3211 1162 3286 praesidio

181 3294 264 3353 omni
284 3293 430 3363 oceania
462 3301 492 3354 et
505 3299 587 3354 stare
601 3292 715 3368 primo,
738 3295 849 3356 deinde
863 3295 965 3356 redire
978 3295 1009 3358 in
1024 3311 1162 3370 pugnarn

178 3374 303 3436 iubebat
322 3392 469 3451 pavorem
489 3384 520 3438 et
533 3383 654 3452 turpem
667 3378 769 3454 lugam
784 3378 965 3454 increpans;
990 3379 1093 3440 minae
1107 3395 1161 3440 ex·

179 3457 251 3516 inde
265 3464 358 3530 erant
373 3459 404 3519 in
420 3461 584 3532 perniciem
595 3474 681 3520 suam
697 3463 808 3522 caecos
818 3477 916 3535 ruere,
932 3462 963 3522 ni
974 3461 1057 3524 dioto
1068 3477 1161 3540 pare
