2482 3900
137 212 178 276 te
305 211 421 272 11111311
434 209 553 270 11111111.
576 209 937 289 5515351555555]

216 363 335 424 XXXII.
351 360 456 421 Hiems
472 359 531 420 iam
547 375 584 420 eo
601 369 740 434 tempore
751 368 832 431 erat;
856 368 887 422 51
899 377 968 421 cum
979 361 1011 420 T.
1025 358 1119 434 Quin-

135 447 214 510 ctius
237 453 328 520 capta
351 444 457 504 Elatea
483 442 514 502 15
542 441 677 504 Phocide
697 458 734 503 ac
754 442 885 506 Locride
906 443 1033 505 hiberna
1055 443 1119 505 dis-

137 530 238 608 posita
249 529 384 600 haberet,
397 525 518 602 Opunte
531 525 641 588 seditio
654 534 722 588 orta
733 536 789 588 est.
803 526 894 588 lactio
908 544 969 588 una
978 527 1121 600 Aetolos,
1231 513 1232 540 ¹

136 614 190 692 qui
203 611 368 689 propiores
384 617 485 684 erant,
500 611 596 671 altera
608 611 767 672 Romanos
782 611 972 673 arcessebat.
1014 609 1121 672 Aetoli

136 697 255 774 priores
269 702 435 756 venemnt=
456 695 513 754 sed
533 693 708 768 opulentior
723 694 813 756 155115
836 694 972 756 exclusis
987 694 1122 768 Aetolia

135 782 295 855 missoque
307 779 347 838 ad
364 777 581 853 imperatorem
594 777 766 839 Romanum
781 777 887 840 nuntio
904 775 1048 854 usquein
1063 779 1121 838 ad·
1232 807 1233 832 1

135 873 261 926 ventum
276 861 343 922 eius
358 860 454 921 tenuit
468 862 584 921 urbem.
611 877 714 924 arcem
728 861 847 938 regium
861 863 985 924 tenebat
998 861 1120 938 praesi-

135 948 233 1021 dium,
252 962 354 1022 neque
369 953 402 1006 ut
416 945 603 1006 decederent
617 944 703 1018 inde,
729 955 782 1006 aut
803 944 1004 1022 Opuntiorum
1025 943 1121 1005 minis

135 1040 189 1092 aut
208 1029 388 1092 auctoritate
413 1027 608 1105 imperatoris
628 1028 759 1090 Romani
785 1028 916 1104 perpelli
940 1037 1121 1104 potuerunt

134 1131 221 1178 mora
232 1131 287 1176 cur
297 1130 359 1175 non
368 1113 522 1188 extempio
535 1121 787 1189 oppugnarentur
797 1130 835 1174 55
847 1111 911 1187 1511,
925 1114 1010 1188 quod
1021 1113 1120 1174 eadu-
1233 1135 1234 1144 ¹

135 1207 241 1260 cautor
254 1199 293 1258 ab
304 1211 377 1273 rege
389 1204 516 1258 venerat
526 1197 629 1258 locum
642 1213 679 1258 ac
692 1206 813 1273 tempus
825 1205 935 1273 petens
948 1195 1121 1274 colloquio.

133 1284 217 1344 haud
232 1289 357 1359 gravate
370 1297 555 1342 concessum
569 1281 635 1356 regi
647 1289 704 1356 551,
720 1299 781 1342 555
795 1280 869 1356 quin
881 1288 1008 1356 cuperet
1022 1279 1119 1354 Quin·

134 1366 213 1428 otius
228 1383 284 1444 per
296 1382 331 1426 55
343 1363 452 1440 partim
464 1363 557 1424 armis
569 1364 679 1439 partim
693 1363 928 1426 condicionibus
941 1366 1119 1426 conlectum

134 1447 232 1511 videri
252 1449 366 1509 15511555
388 1480 425 1492 -
448 1448 581 1508 necdum
601 1447 682 1508 euim
703 1448 820 1510 sciebat
833 1457 933 1510 utrum
949 1463 1120 1510 successor

134 1531 193 1594 sibi
208 1534 284 1594 alter
296 1549 336 1592 ex
347 1531 437 1592 nevis
450 1531 629 1592 consulibus
641 1530 820 1606 mitteretur‚·
832 1548 881 1605 an,
897 1531 983 1608 qnod
996 1547 1116 1593 summe

134 1616 165 1676 51
180 1625 212 1677 51
227 1617 387 1677 tenderent
404 1613 510 1675 amicis
532 1623 562 1675 51
579 1615 762 1690 propinquis
783 1615 996 1687 mandaverat,
1016 1615 1115 1690 impe-

134 1700 211 1760 rium
226 1707 444 1774 prorogaretur
457 1721 515 1752 -=
530 1708 636 1773 aptum
649 1707 751 1760 autem
766 1701 832 1760 lore
847 1697 1034 1774 colloquium
1048 1715 1115 1760 cre-

134 1784 235 1856 debat,
249 1791 284 1844 ut
298 1780 357 1844 sibi
371 1781 500 1844 liberum
515 1792 600 1844 esset
614 1784 663 1844 vel
678 1783 719 1844 ad
733 1784 845 1844 bellum
859 1781 993 1844 manenti
1009 1783 1058 1842 551
1072 1783 1114 1842 ad

136 1882 243 1943 pacem
265 1865 427 1928 decedenti
448 1881 513 1928 rem
533 1865 690 1928 inclinare.
729 1867 760 1928 15
777 1867 848 1928 5155
867 1865 998 1928 Maliaco
1011 1881 1116 1944 prope

133 1951 277 2012 Nicaeam
297 1951 369 2012 litus
391 1951 520 2026 elegere.
555 1967 593 2011 eo
608 1967 666 2011 rex
680 1951 718 2011 ab
732 1949 926 2012 Demetriade
941 1967 1009 2010 cum
1026 1949 1116 2026 quin·

135 2052 196 2112 que
210 2035 319 2098 lembis
334 2042 365 2096 et
378 2051 441 2095 una
451 2051 530 2096 nave
541 2042 674 2096 rostrata
687 2035 778 2096 venit.
801 2042 888 2095 erant
899 2050 968 2095 cmn
981 2051 1018 2096 eo
1029 2031 1115 2110 prin·

134 2119 221 2196 cipes
232 2119 438 2180 Macedonum
452 2125 483 2179 51
495 2117 810 2193 Achaeorum'exsul,
833 2118 880 2178 vir
893 2117 1039 2192 insignis,
1055 2116 1114 2193 Cg-

135 2202 262 2264 cliadas.
305 2219 374 2262 cum
394 2201 581 2278 imperatore
594 2201 734 2264 Romano
754 2219 812 2263 rex
823 2201 1025 2282 Amynander
1039 2208 1113 2274 erat,

134 2296 165 2348 et
184 2285 422 2366 Dionysodoms
442 2283 535 2346 Attali
559 2286 695 2360 legatus,
720 2295 751 2346 et
770 2285 1005 2362 Agesimbrotus
1023 2300 1115 2360 prae-

135 2373 234 2431 lectus
247 2368 387 2431 Rhodiae
403 2369 529 2442 classis,
545 2377 576 2430 51
588 2369 746 2430 Phaeneas
761 2369 908 2446 princeps
922 2369 1114 2440 Aetolorum,

134 2463 165 2516 51
178 2453 295 2516 Achaei
311 2453 382 2527 duo,
397 2453 580 2514 Aristaenus
596 2462 626 2515 51
638 2453 821 2530 Xenophon.
842 2452 921 2514 15155
931 2453 989 2514 1555
1000 2453 1115 2514 Roma-

135 2556 193 2601 nus
214 2539 255 2600 ad
275 2546 444 2599 extremum
464 2537 536 2600 litus
554 2554 757 2614 progressus,
784 2553 854 2598 cum
873 2552 930 2598 rex
944 2535 974 2596 15
990 2551 1117 2612 proram

134 2621 223 2684 55515
244 2621 275 2684 15
296 2621 420 2684 5555515
441 2619 549 2684 5155115
571 2620 793 2698 processisset,
814 2619 1047 2696 „commodius“
1069 2617 1116 2679 in-

135 2706 202 2782 quit
224 2705 272 2780 „si
291 2705 323 2766 in
343 2714 455 2767 terram
470 2705 653 2780 egrediaris,
676 2722 716 2766 cx
736 2699 912 2781 propinquo
928 2703 1068 2766 dicamus
1083 2703 1117 2763 iu

133 2789 234 2849 vicem
248 2787 503 2864 audiamusque.“
545 2804 614 2848 cum
634 2805 690 2848 rex
711 2789 859 2850 iacturum
880 2804 916 2850 se
930 2787 962 2848 id
976 2794 1117 2863 negaret,

135 2887 247 2948 „quem
258 2873 400 2932 15551555ι
415 2871 514 2946 inquit
526 2870 683 2945 Quinctius
699 2872 853 2946 „timesw
868 2872 909 2932 ad
920 2871 980 2934 hoc
996 2871 1047 2932 ille
1062 2887 1116 2930 su-

135 2955 232 3032 perbo
254 2963 285 3015 et
304 2953 390 3030 regio
412 2955 513 3016 animo
533 2953 705 3030 „nenriuem
727 2955 870 3032 equidem
884 2955 976 3017 timeo
992 2962 1119 3030 praeter

135 3041 214 3100 deos
233 3037 423 3100 immortalis.
466 3055 527 3100 non
543 3039 676 3100 omniurn
690 3049 792 3101 autem
813 3039 906 3102 credo
922 3037 1010 3112 fidei,
1033 3054 1118 3114 quos

135 3122 217 3184 circa
228 3131 258 3184 te
268 3121 371 3198 video,
383 3129 475 3198 atque
488 3122 621 3184 omnium
633 3122 755 3184 minime
766 3124 916 3186 Aetolis.“
931 3121 1033 3196 „istuc
1046 3121 1113 3198 qui-

135 3209 224 3268 dem“
239 3205 282 3270 511
294 3208 453 3270 11555555
468 3223 545 3282 „par
560 3207 701 3269 omnibus
716 3209 886 3284 periculum
901 3215 957 3278 est,
974 3205 1028 3282 qui
1043 3221 1116 3266 curn

133 3292 223 3354 hoste
243 3293 284 3352 ad
305 3289 492 3368 colloquium
513 3291 764 3367 congrediuntur,
790 3291 818 3354 si
838 3293 921 3354 nulla
940 3289 1020 3352 fides
1041 3289 1116 3350 sit.“

134 3393 216 3448 „non
233 3381 353 3436 tamen“
368 3374 476 3451 inquit,
491 3376 542 3448 „lh
559 3375 694 3449 Quincti,
709 3394 766 3452 par
780 3375 928 3453 perfidiae
942 3372 1116 3451 praemium

134 3467 191 3529 est,
207 3458 233 3519 si
249 3461 356 3520 lraude
368 3467 484 3534 agatur,
500 3458 658 3534 Philippus
674 3469 704 3520 et
717 3461 885 3524 Phaeneas.
913 3477 1015 3537 neque
1031 3458 1114 3520 enim
