<?xml version="1.0" encoding="UTF-8"?>
<!DOCTYPE html PUBLIC "-//W3C//DTD XHTML 1.0 Transitional//EN"
    "http://www.w3.org/TR/xhtml1/DTD/xhtml1-transitional.dtd">
<html xmlns="http://www.w3.org/1999/xhtml" xml:lang="en" lang="en">
 <head>
  <title>
</title>
<meta http-equiv="Content-Type" content="text/html;charset=utf-8" />
  <meta name='ocr-system' content='tesseract 3.04.00' />
  <meta name='ocr-capabilities' content='ocr_page ocr_carea ocr_par ocr_line ocrx_word'/>
</head>
<body>
  <div class='ocr_page' id='page_1' title='image "./titiliviaburbec08livygoog_0334.png"; bbox 0 0 2506 3898; ppageno 0'>
   <div class='ocr_carea' id='block_1_1' title="bbox 202 132 1069 247">
    <p class='ocr_par' dir='ltr' id='par_1_1' title="bbox 202 132 1069 247">
     <span class='ocr_line' id='line_1_1' title="bbox 202 132 1069 247; baseline 0.007 -19"><span class='ocrx_word' id='word_1_1' title='bbox 202 151 203 154; x_wconf 67' lang='lat'>‘</span> <span class='ocrx_word' id='word_1_2' title='bbox 238 166 908 247; x_wconf 73' lang='lat' dir='ltr'><strong>Ltssaltxxxvll.cAP.eo.s1.[a.c.1ee]</strong></span> <span class='ocrx_word' id='word_1_3' title='bbox 1000 132 1069 234; x_wconf 64' lang='grc'><strong>3051</strong></span> 
     </span>
    </p>
   </div>
   <div class='ocr_carea' id='block_1_2' title="bbox 76 319 1065 1321">
    <p class='ocr_par' dir='ltr' id='par_1_2' title="bbox 76 319 1065 1321">
     <span class='ocr_line' id='line_1_2' title="bbox 76 319 1063 396; baseline -0.002 -10"><span class='ocrx_word' id='word_1_4' title='bbox 76 330 147 386; x_wconf 87' lang='lat' dir='ltr'><strong>erat</strong></span> <span class='ocrx_word' id='word_1_5' title='bbox 167 322 197 383; x_wconf 92' lang='lat' dir='ltr'><strong>in</strong></span> <span class='ocrx_word' id='word_1_6' title='bbox 210 321 333 383; x_wconf 77' lang='lat' dir='ltr'><strong>Aetolia</strong></span> <span class='ocrx_word' id='word_1_7' title='bbox 348 328 396 381; x_wconf 89' lang='lat' dir='ltr'><strong>est</strong></span> <span class='ocrx_word' id='word_1_8' title='bbox 410 320 566 393; x_wconf 89' lang='lat' dir='ltr'><strong>decretus,</strong></span> <span class='ocrx_word' id='word_1_9' title='bbox 589 326 620 382; x_wconf 89' lang='lat' dir='ltr'><strong>et</strong></span> <span class='ocrx_word' id='word_1_10' title='bbox 632 327 666 380; x_wconf 91' lang='lat' dir='ltr'><strong>ut</strong></span> <span class='ocrx_word' id='word_1_11' title='bbox 681 319 710 378; x_wconf 94' lang='lat' dir='ltr'><strong>in</strong></span> <span class='ocrx_word' id='word_1_12' title='bbox 727 322 973 396; x_wconf 88' lang='lat' dir='ltr'><strong>supplementum</strong></span> <span class='ocrx_word' id='word_1_13' title='bbox 988 323 1063 384; x_wconf 90' lang='lat' dir='ltr'><strong>scri-</strong></span> 
     </span>
     <span class='ocr_line' id='line_1_3' title="bbox 78 403 1063 483; baseline 0 -15"><span class='ocrx_word' id='word_1_14' title='bbox 78 409 168 468; x_wconf 82' lang='lat' dir='ltr'><strong>beret</strong></span> <span class='ocrx_word' id='word_1_15' title='bbox 186 405 372 483; x_wconf 87' lang='lat' dir='ltr'><strong>perrnissum</strong></span> <span class='ocrx_word' id='word_1_16' title='bbox 393 403 505 464; x_wconf 86' lang='lat' dir='ltr'><strong>civium</strong></span> <span class='ocrx_word' id='word_1_17' title='bbox 526 403 744 480; x_wconf 86' lang='lat' dir='ltr'><strong>sociorumque</strong></span> <span class='ocrx_word' id='word_1_18' title='bbox 759 407 891 466; x_wconf 88' lang='lat' dir='ltr'><strong>eundem</strong></span> <span class='ocrx_word' id='word_1_19' title='bbox 905 422 1063 468; x_wconf 85' lang='lat' dir='ltr'><strong>numerum</strong></span> 
     </span>
     <span class='ocr_line' id='line_1_4' title="bbox 78 487 1064 568; baseline -0.003 -15"><span class='ocrx_word' id='word_1_20' title='bbox 78 507 175 568; x_wconf 89' lang='lat' dir='ltr'><strong>quern</strong></span> <span class='ocrx_word' id='word_1_21' title='bbox 195 491 323 564; x_wconf 81' lang='lat' dir='ltr'><strong>collega.</strong></span> <span class='ocrx_word' id='word_1_22' title='bbox 355 503 451 548; x_wconf 86' lang='lat' dir='ltr'><strong>naves</strong></span> <span class='ocrx_word' id='word_1_23' title='bbox 473 502 599 564; x_wconf 89' lang='lat' dir='ltr'><strong>quoque</strong></span> <span class='ocrx_word' id='word_1_24' title='bbox 619 487 701 547; x_wconf 86' lang='lat' dir='ltr'><strong>idern</strong></span> <span class='ocrx_word' id='word_1_25' title='bbox 721 490 845 566; x_wconf 88' lang='lat' dir='ltr'><strong>consul,</strong></span> <span class='ocrx_word' id='word_1_26' title='bbox 866 506 947 567; x_wconf 88' lang='lat' dir='ltr'><strong>quae</strong></span> <span class='ocrx_word' id='word_1_27' title='bbox 961 491 1064 566; x_wconf 90' lang='lat' dir='ltr'><strong>priore</strong></span> 
     </span>
     <span class='ocr_line' id='line_1_5' title="bbox 77 572 1064 650; baseline -0.002 -14"><span class='ocrx_word' id='word_1_28' title='bbox 77 592 162 638; x_wconf 89' lang='lat' dir='ltr'><strong>anno</strong></span> <span class='ocrx_word' id='word_1_29' title='bbox 179 581 305 650; x_wconf 82' lang='lat' dir='ltr'><strong>paratae</strong></span> <span class='ocrx_word' id='word_1_30' title='bbox 320 581 420 646; x_wconf 89' lang='lat' dir='ltr'><strong>erant,</strong></span> <span class='ocrx_word' id='word_1_31' title='bbox 437 587 548 632; x_wconf 86' lang='lat' dir='ltr'><strong>ornare</strong></span> <span class='ocrx_word' id='word_1_32' title='bbox 562 572 667 637; x_wconf 88' lang='lat' dir='ltr'><strong>iussus</strong></span> <span class='ocrx_word' id='word_1_33' title='bbox 683 589 719 633; x_wconf 88' lang='lat' dir='ltr'><strong>ac</strong></span> <span class='ocrx_word' id='word_1_34' title='bbox 735 573 848 634; x_wconf 88' lang='lat' dir='ltr'><strong>ducere</strong></span> <span class='ocrx_word' id='word_1_35' title='bbox 863 591 986 645; x_wconf 83' lang='lat' dir='ltr'><strong>secum;</strong></span> <span class='ocrx_word' id='word_1_36' title='bbox 1006 591 1064 635; x_wconf 91' lang='lat' dir='ltr'><strong>nec</strong></span> 
     </span>
     <span class='ocr_line' id='line_1_6' title="bbox 76 641 1063 734; baseline -0.002 -14"><span class='ocrx_word' id='word_1_37' title='bbox 76 677 152 722; x_wconf 91' lang='lat' dir='ltr'><strong>curn</strong></span> <span class='ocrx_word' id='word_1_38' title='bbox 164 657 283 721; x_wconf 85' lang='lat' dir='ltr'><strong>Aetolis</strong></span> <span class='ocrx_word' id='word_1_39' title='bbox 298 658 399 719; x_wconf 88' lang='lat' dir='ltr'><strong>solum</strong></span> <span class='ocrx_word' id='word_1_40' title='bbox 412 657 525 718; x_wconf 88' lang='lat' dir='ltr'><strong>bellum</strong></span> <span class='ocrx_word' id='word_1_41' title='bbox 539 641 742 731; x_wconf 75' lang='lat' dir='ltr'><strong>gerere,¹·sed</strong></span> <span class='ocrx_word' id='word_1_42' title='bbox 757 657 846 718; x_wconf 86' lang='lat' dir='ltr'><strong>etiam</strong></span> <span class='ocrx_word' id='word_1_43' title='bbox 860 657 890 718; x_wconf 94' lang='lat' dir='ltr'><strong>in</strong></span> <span class='ocrx_word' id='word_1_44' title='bbox 907 659 1063 734; x_wconf 82' lang='lat' dir='ltr'><strong>cephalle-</strong></span> 
     </span>
     <span class='ocr_line' id='line_1_7' title="bbox 76 739 1064 819; baseline -0.003 -13"><span class='ocrx_word' id='word_1_45' title='bbox 76 745 162 806; x_wconf 88' lang='lat' dir='ltr'><strong>niam</strong></span> <span class='ocrx_word' id='word_1_46' title='bbox 177 742 309 804; x_wconf 86' lang='lat' dir='ltr'><strong>insulam</strong></span> <span class='ocrx_word' id='word_1_47' title='bbox 322 739 459 802; x_wconf 76' lang='lat' dir='ltr'><strong>traicere.</strong></span> <span class='ocrx_word' id='word_1_48' title='bbox 484 739 666 802; x_wconf 88' lang='lat' dir='ltr'><strong>mandatum</strong></span> <span class='ocrx_word' id='word_1_49' title='bbox 681 742 795 818; x_wconf 88' lang='lat' dir='ltr'><strong>eidem,</strong></span> <span class='ocrx_word' id='word_1_50' title='bbox 810 747 853 818; x_wconf 88' lang='lat' dir='ltr'><strong>ut,</strong></span> <span class='ocrx_word' id='word_1_51' title='bbox 868 742 895 803; x_wconf 91' lang='lat' dir='ltr'><strong>si</strong></span> <span class='ocrx_word' id='word_1_52' title='bbox 910 759 967 819; x_wconf 88' lang='lat' dir='ltr'><strong>per</strong></span> <span class='ocrx_word' id='word_1_53' title='bbox 982 759 1064 804; x_wconf 88' lang='lat' dir='ltr'><strong>corn-</strong></span> 
     </span>
     <span class='ocr_line' id='line_1_8' title="bbox 76 825 1062 901; baseline -0.002 -13"><span class='ocrx_word' id='word_1_54' title='bbox 76 827 207 890; x_wconf 88' lang='lat' dir='ltr'><strong>modum</strong></span> <span class='ocrx_word' id='word_1_55' title='bbox 221 827 267 885; x_wconf 93' lang='lat' dir='ltr'><strong>rei</strong></span> <span class='ocrx_word' id='word_1_56' title='bbox 281 825 423 901; x_wconf 86' lang='lat' dir='ltr'><strong>publicae</strong></span> <span class='ocrx_word' id='word_1_57' title='bbox 438 825 540 884; x_wconf 88' lang='lat' dir='ltr'><strong>lacere</strong></span> <span class='ocrx_word' id='word_1_58' title='bbox 553 832 678 900; x_wconf 91' lang='lat' dir='ltr'><strong>posset,</strong></span> <span class='ocrx_word' id='word_1_59' title='bbox 696 831 730 885; x_wconf 91' lang='lat' dir='ltr'><strong>ut</strong></span> <span class='ocrx_word' id='word_1_60' title='bbox 744 826 783 886; x_wconf 95' lang='lat' dir='ltr'><strong>ad</strong></span> <span class='ocrx_word' id='word_1_61' title='bbox 799 827 921 888; x_wconf 86' lang='lat' dir='ltr'><strong>comitia</strong></span> <span class='ocrx_word' id='word_1_62' title='bbox 934 828 1062 888; x_wconf 87' lang='lat' dir='ltr'><strong>Romam</strong></span> 
     </span>
     <span class='ocr_line' id='line_1_9' title="bbox 77 909 1064 986; baseline 0 -14"><span class='ocrx_word' id='word_1_63' title='bbox 77 911 214 972; x_wconf 84' lang='lat' dir='ltr'><strong>veniret=</strong></span> <span class='ocrx_word' id='word_1_64' title='bbox 237 921 307 970; x_wconf 87' lang='lat' dir='ltr'><strong>narn</strong></span> <span class='ocrx_word' id='word_1_65' title='bbox 321 914 536 986; x_wconf 80' lang='lat' dir='ltr'><strong>praeterquam</strong></span> <span class='ocrx_word' id='word_1_66' title='bbox 548 909 633 984; x_wconf 91' lang='lat' dir='ltr'><strong>quod</strong></span> <span class='ocrx_word' id='word_1_67' title='bbox 645 909 839 984; x_wconf 79' lang='lat' dir='ltr'><strong>magistratus</strong></span> <span class='ocrx_word' id='word_1_68' title='bbox 851 911 944 972; x_wconf 87' lang='lat' dir='ltr'><strong>annui</strong></span> <span class='ocrx_word' id='word_1_69' title='bbox 956 912 1064 972; x_wconf 88' lang='lat' dir='ltr'><strong>subro-</strong></span> 
     </span>
     <span class='ocr_line' id='line_1_10' title="bbox 78 993 1064 1072; baseline 0.001 -17"><span class='ocrx_word' id='word_1_70' title='bbox 78 995 176 1072; x_wconf 80' lang='lat' dir='ltr'><strong>gandi</strong></span> <span class='ocrx_word' id='word_1_71' title='bbox 189 999 304 1068; x_wconf 88' lang='lat' dir='ltr'><strong>cssent,</strong></span> <span class='ocrx_word' id='word_1_72' title='bbox 319 1007 466 1054; x_wconf 88' lang='lat' dir='ltr'><strong>censores</strong></span> <span class='ocrx_word' id='word_1_73' title='bbox 483 1007 607 1068; x_wconf 89' lang='lat' dir='ltr'><strong>quoque</strong></span> <span class='ocrx_word' id='word_1_74' title='bbox 621 993 744 1067; x_wconf 88' lang='lat' dir='ltr'><strong>placere</strong></span> <span class='ocrx_word' id='word_1_75' title='bbox 760 995 866 1054; x_wconf 88' lang='lat' dir='ltr'><strong>creari.</strong></span> <span class='ocrx_word' id='word_1_76' title='bbox 896 997 923 1056; x_wconf 92' lang='lat' dir='ltr'><strong>si</strong></span> <span class='ocrx_word' id='word_1_77' title='bbox 938 1009 1064 1070; x_wconf 87' lang='lat' dir='ltr'><strong>quares</strong></span> 
     </span>
     <span class='ocr_line' id='line_1_11' title="bbox 79 1076 1065 1154; baseline -0.003 -13"><span class='ocrx_word' id='word_1_78' title='bbox 79 1095 154 1141; x_wconf 89' lang='lat' dir='ltr'><strong>eum</strong></span> <span class='ocrx_word' id='word_1_79' title='bbox 168 1083 296 1154; x_wconf 87' lang='lat' dir='ltr'><strong>teneret,</strong></span> <span class='ocrx_word' id='word_1_80' title='bbox 312 1083 452 1138; x_wconf 88' lang='lat' dir='ltr'><strong>senatum</strong></span> <span class='ocrx_word' id='word_1_81' title='bbox 467 1076 626 1138; x_wconf 82' lang='lat' dir='ltr'><strong>certiorem</strong></span> <span class='ocrx_word' id='word_1_82' title='bbox 642 1077 756 1138; x_wconf 88' lang='lat' dir='ltr'><strong>laceret</strong></span> <span class='ocrx_word' id='word_1_83' title='bbox 769 1093 805 1137; x_wconf 96' lang='lat' dir='ltr'><strong>se</strong></span> <span class='ocrx_word' id='word_1_84' title='bbox 820 1078 860 1138; x_wconf 90' lang='lat' dir='ltr'><strong>ad</strong></span> <span class='ocrx_word' id='word_1_85' title='bbox 875 1079 1065 1140; x_wconf 87' lang='lat' dir='ltr'><strong>comitiorum</strong></span> 
     </span>
     <span class='ocr_line' id='line_1_12' title="bbox 79 1156 1063 1238; baseline -0.006 -12"><span class='ocrx_word' id='word_1_86' title='bbox 79 1173 206 1238; x_wconf 89' lang='lat' dir='ltr'><strong>tempus</strong></span> <span class='ocrx_word' id='word_1_87' title='bbox 222 1175 386 1224; x_wconf 90' lang='lat' dir='ltr'><strong>occurrere</strong></span> <span class='ocrx_word' id='word_1_88' title='bbox 399 1177 462 1221; x_wconf 89' lang='lat' dir='ltr'><strong>non</strong></span> <span class='ocrx_word' id='word_1_89' title='bbox 477 1177 583 1237; x_wconf 90' lang='lat' dir='ltr'><strong>posse.</strong></span> <span class='ocrx_word' id='word_1_90' title='bbox 604 1156 726 1221; x_wconf 89' lang='lat' dir='ltr'><strong>Aetolia</strong></span> <span class='ocrx_word' id='word_1_91' title='bbox 739 1161 779 1222; x_wconf 88' lang='grc' dir='ltr'><strong>Μ.</strong></span> <span class='ocrx_word' id='word_1_92' title='bbox 790 1161 908 1238; x_wconf 84' lang='lat' dir='ltr'><strong>Fulvio,</strong></span> <span class='ocrx_word' id='word_1_93' title='bbox 924 1163 999 1223; x_wconf 81' lang='lat' dir='ltr'><strong>Asia</strong></span> <span class='ocrx_word' id='word_1_94' title='bbox 1012 1162 1063 1222; x_wconf 85' lang='lat' dir='ltr'><strong>Cn.</strong></span> 
     </span>
     <span class='ocr_line' id='line_1_13' title="bbox 78 1243 1065 1321; baseline -0.006 -11"><span class='ocrx_word' id='word_1_95' title='bbox 78 1248 197 1310; x_wconf 86' lang='lat' dir='ltr'><strong>Manlio</strong></span> <span class='ocrx_word' id='word_1_96' title='bbox 218 1253 303 1308; x_wconf 89' lang='lat' dir='ltr'><strong>sorte</strong></span> <span class='ocrx_word' id='word_1_97' title='bbox 323 1245 433 1307; x_wconf 89' lang='lat' dir='ltr'><strong>evcnit.</strong></span> <span class='ocrx_word' id='word_1_98' title='bbox 468 1251 628 1321; x_wconf 89' lang='lat' dir='ltr'><strong>praetores</strong></span> <span class='ocrx_word' id='word_1_99' title='bbox 650 1243 761 1306; x_wconf 90' lang='lat' dir='ltr'><strong>deinde</strong></span> <span class='ocrx_word' id='word_1_100' title='bbox 782 1244 882 1307; x_wconf 90' lang='lat' dir='ltr'><strong>sortiti</strong></span> <span class='ocrx_word' id='word_1_101' title='bbox 902 1253 988 1321; x_wconf 90' lang='lat' dir='ltr'><strong>sunt,</strong></span> <span class='ocrx_word' id='word_1_102' title='bbox 1011 1245 1065 1321; x_wconf 87' lang='lat' dir='ltr'><strong>Sp.</strong></span> 
     </span>
    </p>
   </div>
   <div class='ocr_carea' id='block_1_3' title="bbox 79 1329 1157 1406">
    <p class='ocr_par' dir='ltr' id='par_1_3' title="bbox 79 1329 1157 1406">
     <span class='ocr_line' id='line_1_14' title="bbox 79 1329 1157 1406; baseline -0.006 -13"><span class='ocrx_word' id='word_1_103' title='bbox 79 1331 259 1393; x_wconf 88' lang='lat' dir='ltr'><strong>Postumius</strong></span> <span class='ocrx_word' id='word_1_104' title='bbox 272 1329 404 1390; x_wconf 89' lang='lat' dir='ltr'><strong>Albinus</strong></span> <span class='ocrx_word' id='word_1_105' title='bbox 419 1330 566 1391; x_wconf 86' lang='lat' dir='ltr'><strong>urbanam</strong></span> <span class='ocrx_word' id='word_1_106' title='bbox 582 1335 612 1390; x_wconf 87' lang='lat' dir='ltr'><strong>et</strong></span> <span class='ocrx_word' id='word_1_107' title='bbox 626 1330 703 1389; x_wconf 90' lang='lat' dir='ltr'><strong>inter</strong></span> <span class='ocrx_word' id='word_1_108' title='bbox 717 1331 907 1406; x_wconf 69' lang='lat' dir='ltr'><strong>peregrinos</strong></span> <span class='ocrx_word' id='word_1_109' title='bbox 922 1331 963 1392; x_wconf 89' lang='grc' dir='ltr'><strong>Μ.</strong></span> <span class='ocrx_word' id='word_1_110' title='bbox 980 1330 1062 1391; x_wconf 88' lang='lat' dir='ltr'><strong>Sern-</strong></span> <span class='ocrx_word' id='word_1_111' title='bbox 1112 1346 1116 1352; x_wconf 94' lang='lat'><em>·</em></span> <span class='ocrx_word' id='word_1_112' title='bbox 1153 1381 1157 1386; x_wconf 85' lang='lat'><em>.</em></span> 
     </span>
    </p>
   </div>
   <div class='ocr_carea' id='block_1_4' title="bbox 79 1412 1138 3576">
    <p class='ocr_par' dir='ltr' id='par_1_4' title="bbox 79 1412 1138 3002">
     <span class='ocr_line' id='line_1_15' title="bbox 81 1412 1065 1493; baseline -0.002 -17"><span class='ocrx_word' id='word_1_113' title='bbox 81 1415 213 1493; x_wconf 88' lang='lat' dir='ltr'><strong>pronius</strong></span> <span class='ocrx_word' id='word_1_114' title='bbox 227 1413 395 1476; x_wconf 82' lang='lat' dir='ltr'><strong>Tuditanus</strong></span> <span class='ocrx_word' id='word_1_115' title='bbox 410 1412 558 1487; x_wconf 87' lang='lat' dir='ltr'><strong>Siciliam,</strong></span> <span class='ocrx_word' id='word_1_116' title='bbox 575 1413 608 1487; x_wconf 80' lang='lat' dir='ltr'><strong>Q.</strong></span> <span class='ocrx_word' id='word_1_117' title='bbox 626 1413 738 1474; x_wconf 86' lang='lat' dir='ltr'><strong>Fabius</strong></span> <span class='ocrx_word' id='word_1_118' title='bbox 753 1413 854 1475; x_wconf 88' lang='lat' dir='ltr'><strong>Pictor</strong></span> <span class='ocrx_word' id='word_1_119' title='bbox 868 1412 980 1475; x_wconf 87' lang='lat' dir='ltr'><strong>flamen</strong></span> <span class='ocrx_word' id='word_1_120' title='bbox 996 1413 1065 1488; x_wconf 82' lang='lat' dir='ltr'><strong>Qui-</strong></span> 
     </span>
     <span class='ocr_line' id='line_1_16' title="bbox 79 1497 1065 1572; baseline -0.003 -11"><span class='ocrx_word' id='word_1_121' title='bbox 79 1499 190 1562; x_wconf 90' lang='lat' dir='ltr'><strong>rinalis</strong></span> <span class='ocrx_word' id='word_1_122' title='bbox 205 1497 392 1572; x_wconf 87' lang='lat' dir='ltr'><strong>Sardiniam,</strong></span> <span class='ocrx_word' id='word_1_123' title='bbox 415 1497 448 1571; x_wconf 77' lang='grc' dir='ltr'><strong>Ω.</strong></span> <span class='ocrx_word' id='word_1_124' title='bbox 462 1497 576 1558; x_wconf 82' lang='lat' dir='ltr'><strong>Fabius</strong></span> <span class='ocrx_word' id='word_1_125' title='bbox 590 1497 693 1558; x_wconf 88' lang='lat' dir='ltr'><strong>Labeo</strong></span> <span class='ocrx_word' id='word_1_126' title='bbox 716 1499 861 1570; x_wconf 86' lang='lat' dir='ltr'><strong>classem,</strong></span> <span class='ocrx_word' id='word_1_127' title='bbox 884 1501 916 1558; x_wconf 93' lang='lat' dir='ltr'><strong>L.</strong></span> <span class='ocrx_word' id='word_1_128' title='bbox 931 1498 1065 1558; x_wconf 89' lang='lat' dir='ltr'><strong>Plautius</strong></span> 
     </span>
     <span class='ocr_line' id='line_1_17' title="bbox 80 1580 1064 1664; baseline -0.003 -18"><span class='ocrx_word' id='word_1_129' title='bbox 80 1587 252 1664; x_wconf 80' lang='lat' dir='ltr'><strong>Hypsaeus</strong></span> <span class='ocrx_word' id='word_1_130' title='bbox 266 1580 447 1657; x_wconf 87' lang='lat' dir='ltr'><strong>Hispaniam</strong></span> <span class='ocrx_word' id='word_1_131' title='bbox 462 1581 643 1655; x_wconf 85' lang='lat' dir='ltr'><strong>citeriorem,</strong></span> <span class='ocrx_word' id='word_1_132' title='bbox 656 1582 689 1640; x_wconf 91' lang='lat' dir='ltr'><strong>L.</strong></span> <span class='ocrx_word' id='word_1_133' title='bbox 700 1583 834 1644; x_wconf 88' lang='lat' dir='ltr'><strong>Baebius</strong></span> <span class='ocrx_word' id='word_1_134' title='bbox 846 1581 940 1644; x_wconf 90' lang='lat' dir='ltr'><strong>Dives</strong></span> <span class='ocrx_word' id='word_1_135' title='bbox 954 1583 1064 1658; x_wconf 89' lang='lat' dir='ltr'><strong>Hispa·</strong></span> 
     </span>
     <span class='ocr_line' id='line_1_18' title="bbox 81 1663 1067 1746; baseline -0.004 -16"><span class='ocrx_word' id='word_1_136' title='bbox 81 1671 167 1730; x_wconf 87' lang='lat' dir='ltr'><strong>niam</strong></span> <span class='ocrx_word' id='word_1_137' title='bbox 181 1667 366 1728; x_wconf 84' lang='lat' dir='ltr'><strong>ulteriorem.</strong></span> <span class='ocrx_word' id='word_1_138' title='bbox 401 1663 521 1725; x_wconf 89' lang='lat' dir='ltr'><strong>Siciliae</strong></span> <span class='ocrx_word' id='word_1_139' title='bbox 534 1663 615 1740; x_wconf 88' lang='lat' dir='ltr'><strong>legio</strong></span> <span class='ocrx_word' id='word_1_140' title='bbox 631 1682 692 1725; x_wconf 88' lang='lat' dir='ltr'><strong>una</strong></span> <span class='ocrx_word' id='word_1_141' title='bbox 707 1673 738 1727; x_wconf 90' lang='lat' dir='ltr'><strong>et</strong></span> <span class='ocrx_word' id='word_1_142' title='bbox 751 1665 871 1741; x_wconf 90' lang='lat' dir='ltr'><strong>classis,</strong></span> <span class='ocrx_word' id='word_1_143' title='bbox 890 1667 1014 1746; x_wconf 86' lang='lat' dir='ltr'><strong>quaein</strong></span> <span class='ocrx_word' id='word_1_144' title='bbox 1030 1683 1067 1726; x_wconf 91' lang='lat' dir='ltr'><strong>ea</strong></span> 
     </span>
     <span class='ocr_line' id='line_1_19' title="bbox 83 1749 1067 1830; baseline -0.003 -15"><span class='ocrx_word' id='word_1_145' title='bbox 83 1751 246 1830; x_wconf 87' lang='lat' dir='ltr'><strong>provincia</strong></span> <span class='ocrx_word' id='word_1_146' title='bbox 260 1756 332 1824; x_wconf 80' lang='lat' dir='ltr'><strong>erat,</strong></span> <span class='ocrx_word' id='word_1_147' title='bbox 349 1749 488 1820; x_wconf 85' lang='lat' dir='ltr'><strong>decreta;</strong></span> <span class='ocrx_word' id='word_1_148' title='bbox 510 1755 541 1809; x_wconf 91' lang='lat' dir='ltr'><strong>et</strong></span> <span class='ocrx_word' id='word_1_149' title='bbox 553 1756 587 1810; x_wconf 92' lang='lat' dir='ltr'><strong>ut</strong></span> <span class='ocrx_word' id='word_1_150' title='bbox 602 1749 679 1810; x_wconf 91' lang='lat' dir='ltr'><strong>duas</strong></span> <span class='ocrx_word' id='word_1_151' title='bbox 696 1749 842 1812; x_wconf 86' lang='lat' dir='ltr'><strong>decumas</strong></span> <span class='ocrx_word' id='word_1_152' title='bbox 858 1751 999 1812; x_wconf 82' lang='lat' dir='ltr'><strong>frumenti</strong></span> <span class='ocrx_word' id='word_1_153' title='bbox 1011 1767 1067 1812; x_wconf 93' lang='lat' dir='ltr'><strong>no-</strong></span> 
     </span>
     <span class='ocr_line' id='line_1_20' title="bbox 81 1831 1067 1911; baseline -0.006 -11"><span class='ocrx_word' id='word_1_154' title='bbox 81 1854 142 1900; x_wconf 87' lang='lat' dir='ltr'><strong>vus</strong></span> <span class='ocrx_word' id='word_1_155' title='bbox 164 1841 289 1911; x_wconf 87' lang='lat' dir='ltr'><strong>praetor</strong></span> <span class='ocrx_word' id='word_1_156' title='bbox 309 1833 474 1908; x_wconf 87' lang='lat' dir='ltr'><strong>imperaret</strong></span> <span class='ocrx_word' id='word_1_157' title='bbox 496 1831 621 1906; x_wconf 87' lang='lat' dir='ltr'><strong>Siculis,</strong></span> <span class='ocrx_word' id='word_1_158' title='bbox 643 1848 747 1894; x_wconf 89' lang='lat' dir='ltr'><strong>earum</strong></span> <span class='ocrx_word' id='word_1_159' title='bbox 767 1837 891 1895; x_wconf 87' lang='lat' dir='ltr'><strong>alteram</strong></span> <span class='ocrx_word' id='word_1_160' title='bbox 905 1837 936 1894; x_wconf 94' lang='lat' dir='ltr'><strong>in</strong></span> <span class='ocrx_word' id='word_1_161' title='bbox 949 1835 1067 1910; x_wconf 86' lang='lat' dir='ltr'><strong>Asiam,</strong></span> 
     </span>
     <span class='ocr_line' id='line_1_21' title="bbox 84 1915 1068 1994; baseline -0.006 -12"><span class='ocrx_word' id='word_1_162' title='bbox 84 1924 213 1983; x_wconf 85' lang='lat' dir='ltr'><strong>alteram</strong></span> <span class='ocrx_word' id='word_1_163' title='bbox 226 1919 257 1978; x_wconf 95' lang='lat' dir='ltr'><strong>in</strong></span> <span class='ocrx_word' id='word_1_164' title='bbox 272 1917 424 1979; x_wconf 86' lang='lat' dir='ltr'><strong>Aetoliam</strong></span> <span class='ocrx_word' id='word_1_165' title='bbox 438 1915 577 1978; x_wconf 89' lang='lat' dir='ltr'><strong>mitteret.</strong></span> <span class='ocrx_word' id='word_1_166' title='bbox 598 1915 681 1977; x_wconf 89' lang='lat' dir='ltr'><strong>idem</strong></span> <span class='ocrx_word' id='word_1_167' title='bbox 696 1919 734 1976; x_wconf 88' lang='lat' dir='ltr'><strong>ab</strong></span> <span class='ocrx_word' id='word_1_168' title='bbox 746 1917 853 1978; x_wconf 86' lang='lat' dir='ltr'><strong>Sardis</strong></span> <span class='ocrx_word' id='word_1_169' title='bbox 869 1919 959 1994; x_wconf 83' lang='lat' dir='ltr'><strong>exigi,</strong></span> <span class='ocrx_word' id='word_1_170' title='bbox 975 1925 1068 1994; x_wconf 87' lang='lat' dir='ltr'><strong>atque</strong></span> 
     </span>
     <span class='ocr_line' id='line_1_22' title="bbox 84 2000 1066 2078; baseline -0.006 -11"><span class='ocrx_word' id='word_1_171' title='bbox 84 2006 127 2067; x_wconf 87' lang='lat' dir='ltr'><strong>ad</strong></span> <span class='ocrx_word' id='word_1_172' title='bbox 141 2003 269 2066; x_wconf 86' lang='lat' dir='ltr'><strong>eosdem</strong></span> <span class='ocrx_word' id='word_1_173' title='bbox 284 2000 439 2062; x_wconf 87' lang='lat' dir='ltr'><strong>exercitus</strong></span> <span class='ocrx_word' id='word_1_174' title='bbox 454 2001 486 2062; x_wconf 95' lang='lat' dir='ltr'><strong>id</strong></span> <span class='ocrx_word' id='word_1_175' title='bbox 500 2001 690 2076; x_wconf 80' lang='lat' dir='ltr'><strong>trumentum,</strong></span> <span class='ocrx_word' id='word_1_176' title='bbox 706 2002 747 2062; x_wconf 87' lang='lat' dir='ltr'><strong>ad</strong></span> <span class='ocrx_word' id='word_1_177' title='bbox 762 2019 841 2078; x_wconf 89' lang='lat' dir='ltr'><strong>quos</strong></span> <span class='ocrx_word' id='word_1_178' title='bbox 854 2001 998 2076; x_wconf 87' lang='lat' dir='ltr'><strong>Siculum,</strong></span> <span class='ocrx_word' id='word_1_179' title='bbox 1014 2003 1066 2062; x_wconf 79' lang='lat' dir='ltr'><strong>de</strong></span> 
     </span>
     <span class='ocr_line' id='line_1_23' title="bbox 83 2083 1067 2166; baseline -0.005 -16"><span class='ocrx_word' id='word_1_180' title='bbox 83 2087 204 2166; x_wconf 88' lang='lat' dir='ltr'><strong>portari</strong></span> <span class='ocrx_word' id='word_1_181' title='bbox 222 2087 352 2149; x_wconf 89' lang='lat' dir='ltr'><strong>iussum.</strong></span> <span class='ocrx_word' id='word_1_182' title='bbox 385 2086 418 2148; x_wconf 91' lang='lat' dir='ltr'><strong>L.</strong></span> <span class='ocrx_word' id='word_1_183' title='bbox 433 2083 549 2147; x_wconf 89' lang='lat' dir='ltr'><strong>Baebio</strong></span> <span class='ocrx_word' id='word_1_184' title='bbox 571 2086 817 2162; x_wconf 87' lang='lat' dir='ltr'><strong>supplementum</strong></span> <span class='ocrx_word' id='word_1_185' title='bbox 837 2086 868 2146; x_wconf 94' lang='lat' dir='ltr'><strong>in</strong></span> <span class='ocrx_word' id='word_1_186' title='bbox 888 2086 1067 2162; x_wconf 85' lang='lat' dir='ltr'><strong>Hispaniam</strong></span> 
     </span>
     <span class='ocr_line' id='line_1_24' title="bbox 83 2170 1067 2247; baseline -0.004 -13"><span class='ocrx_word' id='word_1_187' title='bbox 83 2175 192 2234; x_wconf 89' lang='lat' dir='ltr'><strong>datum</strong></span> <span class='ocrx_word' id='word_1_188' title='bbox 204 2170 287 2232; x_wconf 86' lang='lat' dir='ltr'><strong>mille</strong></span> <span class='ocrx_word' id='word_1_189' title='bbox 297 2170 427 2232; x_wconf 87' lang='lat' dir='ltr'><strong>Romani</strong></span> <span class='ocrx_word' id='word_1_190' title='bbox 438 2170 569 2246; x_wconf 88' lang='lat' dir='ltr'><strong>pedites,</strong></span> <span class='ocrx_word' id='word_1_191' title='bbox 586 2171 705 2247; x_wconf 90' lang='lat' dir='ltr'><strong>equites</strong></span> <span class='ocrx_word' id='word_1_192' title='bbox 722 2171 951 2247; x_wconf 80' lang='lat' dir='ltr'><strong>quinquaginta,</strong></span> <span class='ocrx_word' id='word_1_193' title='bbox 966 2178 998 2233; x_wconf 90' lang='lat' dir='ltr'><strong>et</strong></span> <span class='ocrx_word' id='word_1_194' title='bbox 1010 2186 1067 2231; x_wconf 86' lang='lat' dir='ltr'><strong>sex</strong></span> 
     </span>
     <span class='ocr_line' id='line_1_25' title="bbox 83 2255 1066 2332; baseline -0.003 -15"><span class='ocrx_word' id='word_1_195' title='bbox 83 2257 170 2318; x_wconf 79' lang='lat' dir='ltr'><strong>arilia</strong></span> <span class='ocrx_word' id='word_1_196' title='bbox 188 2256 325 2332; x_wconf 87' lang='lat' dir='ltr'><strong>pediturn</strong></span> <span class='ocrx_word' id='word_1_197' title='bbox 344 2255 442 2314; x_wconf 91' lang='lat' dir='ltr'><strong>Latini</strong></span> <span class='ocrx_word' id='word_1_198' title='bbox 467 2255 615 2329; x_wconf 87' lang='lat' dir='ltr'><strong>nominis,</strong></span> <span class='ocrx_word' id='word_1_199' title='bbox 641 2255 764 2316; x_wconf 88' lang='lat' dir='ltr'><strong>ducenti</strong></span> <span class='ocrx_word' id='word_1_200' title='bbox 784 2255 913 2332; x_wconf 85' lang='lat' dir='ltr'><strong>equites.</strong></span> <span class='ocrx_word' id='word_1_201' title='bbox 949 2255 1066 2316; x_wconf 90' lang='lat' dir='ltr'><strong>Plautio</strong></span> 
     </span>
     <span class='ocr_line' id='line_1_26' title="bbox 82 2339 1068 2420; baseline -0.002 -18"><span class='ocrx_word' id='word_1_202' title='bbox 82 2343 236 2420; x_wconf 85' lang='lat' dir='ltr'><strong>Hypsaeo</strong></span> <span class='ocrx_word' id='word_1_203' title='bbox 256 2339 287 2399; x_wconf 96' lang='lat' dir='ltr'><strong>in</strong></span> <span class='ocrx_word' id='word_1_204' title='bbox 301 2339 482 2414; x_wconf 86' lang='lat' dir='ltr'><strong>Hispaniam</strong></span> <span class='ocrx_word' id='word_1_205' title='bbox 498 2339 668 2400; x_wconf 88' lang='lat' dir='ltr'><strong>citeriorem</strong></span> <span class='ocrx_word' id='word_1_206' title='bbox 682 2339 764 2398; x_wconf 92' lang='lat' dir='ltr'><strong>mille</strong></span> <span class='ocrx_word' id='word_1_207' title='bbox 775 2340 905 2401; x_wconf 88' lang='lat' dir='ltr'><strong>Romani</strong></span> <span class='ocrx_word' id='word_1_208' title='bbox 919 2341 982 2400; x_wconf 89' lang='lat' dir='ltr'><strong>dati</strong></span> <span class='ocrx_word' id='word_1_209' title='bbox 996 2345 1068 2400; x_wconf 92' lang='lat' dir='ltr'><strong>sunt</strong></span> 
     </span>
     <span class='ocr_line' id='line_1_27' title="bbox 83 2423 1066 2503; baseline -0.004 -18"><span class='ocrx_word' id='word_1_210' title='bbox 83 2424 223 2503; x_wconf 90' lang='lat' dir='ltr'><strong>pedites,</strong></span> <span class='ocrx_word' id='word_1_211' title='bbox 239 2425 301 2485; x_wconf 93' lang='lat' dir='ltr'><strong>duo</strong></span> <span class='ocrx_word' id='word_1_212' title='bbox 316 2423 398 2483; x_wconf 90' lang='lat' dir='ltr'><strong>milia</strong></span> <span class='ocrx_word' id='word_1_213' title='bbox 412 2423 531 2484; x_wconf 88' lang='lat' dir='ltr'><strong>socium</strong></span> <span class='ocrx_word' id='word_1_214' title='bbox 544 2423 642 2483; x_wconf 89' lang='lat' dir='ltr'><strong>Latini</strong></span> <span class='ocrx_word' id='word_1_215' title='bbox 656 2423 786 2486; x_wconf 89' lang='lat' dir='ltr'><strong>nominis</strong></span> <span class='ocrx_word' id='word_1_216' title='bbox 801 2430 832 2485; x_wconf 92' lang='lat' dir='ltr'><strong>et</strong></span> <span class='ocrx_word' id='word_1_217' title='bbox 845 2423 967 2483; x_wconf 90' lang='lat' dir='ltr'><strong>ducenti</strong></span> <span class='ocrx_word' id='word_1_218' title='bbox 982 2423 1066 2498; x_wconf 90' lang='lat' dir='ltr'><strong>equi-</strong></span> 
     </span>
     <span class='ocr_line' id='line_1_28' title="bbox 84 2505 1067 2584; baseline -0.008 -12"><span class='ocrx_word' id='word_1_219' title='bbox 84 2519 151 2580; x_wconf 81' lang='lat' dir='ltr'><strong>tes3</strong></span> <span class='ocrx_word' id='word_1_220' title='bbox 173 2525 242 2570; x_wconf 89' lang='lat' dir='ltr'><strong>oum</strong></span> <span class='ocrx_word' id='word_1_221' title='bbox 262 2508 311 2570; x_wconf 91' lang='lat' dir='ltr'><strong>his</strong></span> <span class='ocrx_word' id='word_1_222' title='bbox 332 2507 555 2584; x_wconf 89' lang='lat' dir='ltr'><strong>supplementis</strong></span> <span class='ocrx_word' id='word_1_223' title='bbox 570 2511 604 2566; x_wconf 92' lang='lat' dir='ltr'><strong>ut</strong></span> <span class='ocrx_word' id='word_1_224' title='bbox 617 2507 754 2582; x_wconf 85' lang='lat' dir='ltr'><strong>singulas</strong></span> <span class='ocrx_word' id='word_1_225' title='bbox 769 2507 907 2581; x_wconf 84' lang='lat' dir='ltr'><strong>legiones</strong></span> <span class='ocrx_word' id='word_1_226' title='bbox 922 2505 1002 2566; x_wconf 89' lang='lat' dir='ltr'><strong>duae</strong></span> <span class='ocrx_word' id='word_1_227' title='bbox 1016 2506 1067 2566; x_wconf 88' lang='lat' dir='ltr'><strong>Hi-</strong></span> 
     </span>
     <span class='ocr_line' id='line_1_29' title="bbox 84 2588 1067 2669; baseline -0.006 -13"><span class='ocrx_word' id='word_1_228' title='bbox 84 2593 217 2669; x_wconf 87' lang='lat' dir='ltr'><strong>spaniae</strong></span> <span class='ocrx_word' id='word_1_229' title='bbox 237 2592 393 2653; x_wconf 88' lang='lat' dir='ltr'><strong>hoberent.</strong></span> <span class='ocrx_word' id='word_1_230' title='bbox 429 2590 542 2666; x_wconf 90' lang='lat' dir='ltr'><strong>prioris</strong></span> <span class='ocrx_word' id='word_1_231' title='bbox 562 2591 633 2650; x_wconf 90' lang='lat' dir='ltr'><strong>anni</strong></span> <span class='ocrx_word' id='word_1_232' title='bbox 653 2589 894 2664; x_wconf 88' lang='lat' dir='ltr'><strong>magistratibus,</strong></span> <span class='ocrx_word' id='word_1_233' title='bbox 917 2588 948 2649; x_wconf 81' lang='lat' dir='ltr'><strong>c.</strong></span> <span class='ocrx_word' id='word_1_234' title='bbox 963 2589 1067 2650; x_wconf 90' lang='lat' dir='ltr'><strong>Laelio</strong></span> 
     </span>
     <span class='ocr_line' id='line_1_30' title="bbox 83 2673 1067 2751; baseline -0.006 -11"><span class='ocrx_word' id='word_1_235' title='bbox 83 2694 157 2740; x_wconf 88' lang='lat' dir='ltr'><strong>cum</strong></span> <span class='ocrx_word' id='word_1_236' title='bbox 182 2693 240 2737; x_wconf 93' lang='lat' dir='ltr'><strong>suo</strong></span> <span class='ocrx_word' id='word_1_237' title='bbox 265 2677 403 2736; x_wconf 87' lang='lat' dir='ltr'><strong>exercitu</strong></span> <span class='ocrx_word' id='word_1_238' title='bbox 422 2679 619 2751; x_wconf 89' lang='lat' dir='ltr'><strong>prorogatum</strong></span> <span class='ocrx_word' id='word_1_239' title='bbox 640 2674 670 2734; x_wconf 92' lang='lat' dir='ltr'><strong>in</strong></span> <span class='ocrx_word' id='word_1_240' title='bbox 691 2690 803 2735; x_wconf 87' lang='lat' dir='ltr'><strong>annum</strong></span> <span class='ocrx_word' id='word_1_241' title='bbox 824 2673 984 2748; x_wconf 88' lang='lat' dir='ltr'><strong>imperium</strong></span> <span class='ocrx_word' id='word_1_242' title='bbox 1004 2680 1067 2743; x_wconf 84' lang='lat' dir='ltr'><strong>est;</strong></span> 
     </span>
     <span class='ocr_line' id='line_1_31' title="bbox 83 2758 1138 2836; baseline -0.002 -16"><span class='ocrx_word' id='word_1_243' title='bbox 83 2766 285 2836; x_wconf 86' lang='lat' dir='ltr'><strong>prorogatum</strong></span> <span class='ocrx_word' id='word_1_244' title='bbox 301 2767 331 2821; x_wconf 91' lang='lat' dir='ltr'><strong>et</strong></span> <span class='ocrx_word' id='word_1_245' title='bbox 343 2759 376 2818; x_wconf 91' lang='lat' dir='ltr'><strong>P.</strong></span> <span class='ocrx_word' id='word_1_246' title='bbox 392 2761 479 2821; x_wconf 91' lang='lat' dir='ltr'><strong>lunio</strong></span> <span class='ocrx_word' id='word_1_247' title='bbox 494 2759 688 2835; x_wconf 88' lang='lat' dir='ltr'><strong>propraetori</strong></span> <span class='ocrx_word' id='word_1_248' title='bbox 701 2759 731 2817; x_wconf 96' lang='lat' dir='ltr'><strong>in</strong></span> <span class='ocrx_word' id='word_1_249' title='bbox 745 2758 865 2819; x_wconf 84' lang='lat' dir='ltr'><strong>Etruria</strong></span> <span class='ocrx_word' id='word_1_250' title='bbox 879 2773 948 2818; x_wconf 88' lang='lat' dir='ltr'><strong>eum</strong></span> <span class='ocrx_word' id='word_1_251' title='bbox 962 2773 1067 2835; x_wconf 87' lang='lat' dir='ltr'><strong>eoex·</strong></span> <span class='ocrx_word' id='word_1_252' title='bbox 1135 2804 1138 2809; x_wconf 89' lang='lat'>.</span> 
     </span>
     <span class='ocr_line' id='line_1_32' title="bbox 84 2842 1068 2920; baseline -0.002 -16"><span class='ocrx_word' id='word_1_253' title='bbox 84 2843 193 2918; x_wconf 79' lang='lat' dir='ltr'><strong>ercitu</strong></span> <span class='ocrx_word' id='word_1_254' title='bbox 210 2845 306 2920; x_wconf 91' lang='lat' dir='ltr'><strong>quiin</strong></span> <span class='ocrx_word' id='word_1_255' title='bbox 320 2844 481 2918; x_wconf 81' lang='lat' dir='ltr'><strong>provincia</strong></span> <span class='ocrx_word' id='word_1_256' title='bbox 496 2848 587 2917; x_wconf 89' lang='lat' dir='ltr'><strong>esset,</strong></span> <span class='ocrx_word' id='word_1_257' title='bbox 605 2850 636 2903; x_wconf 89' lang='lat' dir='ltr'><strong>et</strong></span> <span class='ocrx_word' id='word_1_258' title='bbox 650 2842 690 2902; x_wconf 89' lang='lat' dir='ltr'><strong>M.</strong></span> <span class='ocrx_word' id='word_1_259' title='bbox 702 2842 814 2903; x_wconf 71' lang='lat' dir='ltr'><strong>luceio</strong></span> <span class='ocrx_word' id='word_1_260' title='bbox 829 2844 1024 2918; x_wconf 90' lang='lat' dir='ltr'><strong>propraetori</strong></span> <span class='ocrx_word' id='word_1_261' title='bbox 1038 2843 1068 2902; x_wconf 89' lang='lat' dir='ltr'><strong>in</strong></span> 
     </span>
     <span class='ocr_line' id='line_1_33' title="bbox 83 2927 393 3002; baseline -0.013 -13"><span class='ocrx_word' id='word_1_262' title='bbox 83 2929 211 2990; x_wconf 91' lang='lat' dir='ltr'><strong>Bruttiis</strong></span> <span class='ocrx_word' id='word_1_263' title='bbox 226 2935 256 2988; x_wconf 92' lang='lat' dir='ltr'><strong>et</strong></span> <span class='ocrx_word' id='word_1_264' title='bbox 269 2927 393 3002; x_wconf 88' lang='lat' dir='ltr'><strong>Apulia.</strong></span> 
     </span>
    </p>

    <p class='ocr_par' dir='ltr' id='par_1_5' title="bbox 83 3010 1078 3511">
     <span class='ocr_line' id='line_1_34' title="bbox 171 3010 1069 3087; baseline 0.002 -17"><span class='ocrx_word' id='word_1_265' title='bbox 171 3013 217 3071; x_wconf 91' lang='lat' dir='ltr'><strong>LI.</strong></span> <span class='ocrx_word' id='word_1_266' title='bbox 239 3011 421 3086; x_wconf 88' lang='lat' dir='ltr'><strong>Priusquam</strong></span> <span class='ocrx_word' id='word_1_267' title='bbox 441 3010 472 3071; x_wconf 94' lang='lat' dir='ltr'><strong>in</strong></span> <span class='ocrx_word' id='word_1_268' title='bbox 492 3013 670 3086; x_wconf 88' lang='lat' dir='ltr'><strong>provincias</strong></span> <span class='ocrx_word' id='word_1_269' title='bbox 685 3019 842 3087; x_wconf 88' lang='lat' dir='ltr'><strong>praetores</strong></span> <span class='ocrx_word' id='word_1_270' title='bbox 857 3011 950 3084; x_wconf 89' lang='lat' dir='ltr'><strong>irent,</strong></span> <span class='ocrx_word' id='word_1_271' title='bbox 973 3018 1069 3072; x_wconf 89' lang='lat' dir='ltr'><strong>certa·</strong></span> 
     </span>
     <span class='ocr_line' id='line_1_35' title="bbox 84 3094 1069 3171; baseline -0.003 -14"><span class='ocrx_word' id='word_1_272' title='bbox 84 3112 157 3157; x_wconf 90' lang='lat' dir='ltr'><strong>men</strong></span> <span class='ocrx_word' id='word_1_273' title='bbox 172 3096 249 3155; x_wconf 88' lang='lat' dir='ltr'><strong>inter</strong></span> <span class='ocrx_word' id='word_1_274' title='bbox 262 3094 294 3152; x_wconf 93' lang='lat' dir='ltr'><strong>P.</strong></span> <span class='ocrx_word' id='word_1_275' title='bbox 309 3095 457 3156; x_wconf 86' lang='lat' dir='ltr'><strong>Licinium</strong></span> <span class='ocrx_word' id='word_1_276' title='bbox 471 3095 648 3171; x_wconf 85' lang='lat' dir='ltr'><strong>pontificem</strong></span> <span class='ocrx_word' id='word_1_277' title='bbox 667 3097 833 3157; x_wconf 89' lang='lat' dir='ltr'><strong>maximum</strong></span> <span class='ocrx_word' id='word_1_278' title='bbox 851 3096 906 3156; x_wconf 85' lang='lat' dir='ltr'><strong>tuit</strong></span> <span class='ocrx_word' id='word_1_279' title='bbox 920 3103 950 3155; x_wconf 90' lang='lat' dir='ltr'><strong>et</strong></span> <span class='ocrx_word' id='word_1_280' title='bbox 965 3094 998 3168; x_wconf 82' lang='lat' dir='ltr'><strong>Q.</strong></span> <span class='ocrx_word' id='word_1_281' title='bbox 1013 3096 1069 3154; x_wconf 84' lang='lat' dir='ltr'><strong>Fa-</strong></span> 
     </span>
     <span class='ocr_line' id='line_1_36' title="bbox 83 3177 1069 3256; baseline -0.005 -14"><span class='ocrx_word' id='word_1_282' title='bbox 83 3182 171 3242; x_wconf 92' lang='lat' dir='ltr'><strong>bium</strong></span> <span class='ocrx_word' id='word_1_283' title='bbox 183 3179 334 3240; x_wconf 88' lang='lat' dir='ltr'><strong>Pictorem</strong></span> <span class='ocrx_word' id='word_1_284' title='bbox 355 3177 508 3240; x_wconf 89' lang='lat' dir='ltr'><strong>flaminem</strong></span> <span class='ocrx_word' id='word_1_285' title='bbox 529 3178 728 3254; x_wconf 83' lang='lat' dir='ltr'><strong>Quirinalem,</strong></span> <span class='ocrx_word' id='word_1_286' title='bbox 756 3182 847 3256; x_wconf 88' lang='lat' dir='ltr'><strong>quale</strong></span> <span class='ocrx_word' id='word_1_287' title='bbox 867 3185 986 3254; x_wconf 90' lang='lat' dir='ltr'><strong>patrum</strong></span> <span class='ocrx_word' id='word_1_288' title='bbox 1007 3193 1069 3237; x_wconf 89' lang='lat' dir='ltr'><strong>me-</strong></span> 
     </span>
     <span class='ocr_line' id='line_1_37' title="bbox 84 3262 1068 3344; baseline -0.006 -19"><span class='ocrx_word' id='word_1_289' title='bbox 84 3264 185 3334; x_wconf 82' lang='lat' dir='ltr'><strong>moria</strong></span> <span class='ocrx_word' id='word_1_290' title='bbox 209 3263 288 3324; x_wconf 90' lang='lat' dir='ltr'><strong>inter</strong></span> <span class='ocrx_word' id='word_1_291' title='bbox 311 3263 345 3323; x_wconf 91' lang='lat' dir='ltr'><strong>L.</strong></span> <span class='ocrx_word' id='word_1_292' title='bbox 359 3262 514 3325; x_wconf 88' lang='lat' dir='ltr'><strong>Metellum</strong></span> <span class='ocrx_word' id='word_1_293' title='bbox 534 3271 565 3324; x_wconf 88' lang='lat' dir='ltr'><strong>et</strong></span> <span class='ocrx_word' id='word_1_294' title='bbox 583 3263 771 3344; x_wconf 89' lang='lat' dir='ltr'><strong>Postumium</strong></span> <span class='ocrx_word' id='word_1_295' title='bbox 792 3263 936 3325; x_wconf 90' lang='lat' dir='ltr'><strong>Albinum</strong></span> <span class='ocrx_word' id='word_1_296' title='bbox 961 3262 1068 3322; x_wconf 88' lang='lat' dir='ltr'><strong>luerat.</strong></span> 
     </span>
     <span class='ocr_line' id='line_1_38' title="bbox 85 3345 1054 3422; baseline -0.004 -14"><span class='ocrx_word' id='word_1_297' title='bbox 85 3349 247 3410; x_wconf 88' lang='lat' dir='ltr'><strong>consulem</strong></span> <span class='ocrx_word' id='word_1_298' title='bbox 261 3347 345 3408; x_wconf 93' lang='lat' dir='ltr'><strong>illum</strong></span> <span class='ocrx_word' id='word_1_299' title='bbox 361 3362 429 3407; x_wconf 87' lang='lat' dir='ltr'><strong>curn</strong></span> <span class='ocrx_word' id='word_1_300' title='bbox 443 3347 473 3407; x_wconf 86' lang='lat' dir='ltr'><strong>C.</strong></span> <span class='ocrx_word' id='word_1_301' title='bbox 483 3348 603 3409; x_wconf 90' lang='lat' dir='ltr'><strong>Lutatio</strong></span> <span class='ocrx_word' id='word_1_302' title='bbox 616 3349 733 3422; x_wconf 87' lang='lat' dir='ltr'><strong>collega</strong></span> <span class='ocrx_word' id='word_1_303' title='bbox 743 3349 773 3406; x_wconf 92' lang='lat' dir='ltr'><strong>in</strong></span> <span class='ocrx_word' id='word_1_304' title='bbox 787 3347 920 3407; x_wconf 88' lang='lat' dir='ltr'><strong>Siciliam</strong></span> <span class='ocrx_word' id='word_1_305' title='bbox 936 3345 976 3405; x_wconf 88' lang='lat' dir='ltr'><strong>ad</strong></span> <span class='ocrx_word' id='word_1_306' title='bbox 991 3347 1054 3405; x_wconf 87' lang='lat' dir='ltr'><strong>clas</strong></span> 
     </span>
     <span class='ocr_line' id='line_1_39' title="bbox 85 3428 1078 3511; baseline -0.005 -17"><span class='ocrx_word' id='word_1_307' title='bbox 85 3450 152 3494; x_wconf 87' lang='lat' dir='ltr'><strong>sem</strong></span> <span class='ocrx_word' id='word_1_308' title='bbox 167 3431 415 3511; x_wconf 85' lang='lat' dir='ltr'><strong>proficiscentem</strong></span> <span class='ocrx_word' id='word_1_309' title='bbox 430 3431 471 3490; x_wconf 88' lang='lat' dir='ltr'><strong>ad</strong></span> <span class='ocrx_word' id='word_1_310' title='bbox 490 3447 581 3493; x_wconf 86' lang='lat' dir='ltr'><strong>sacre</strong></span> <span class='ocrx_word' id='word_1_311' title='bbox 600 3431 763 3492; x_wconf 89' lang='lat' dir='ltr'><strong>retinuerat</strong></span> <span class='ocrx_word' id='word_1_312' title='bbox 777 3429 916 3492; x_wconf 87' lang='lat' dir='ltr'><strong>Metellus</strong></span> <span class='ocrx_word' id='word_1_313' title='bbox 931 3428 1078 3508; x_wconf 81' lang='lat' dir='ltr'><strong>pontilex·</strong></span> 
     </span>
    </p>

    <p class='ocr_par' dir='ltr' id='par_1_6' title="bbox 128 3515 861 3576">
     <span class='ocr_line' id='line_1_40' title="bbox 128 3515 861 3576; baseline -0.004 0"><span class='ocrx_word' id='word_1_314' title='bbox 128 3535 154 3576; x_wconf 85' lang='lat' dir='ltr'><strong>r.</strong></span> <span class='ocrx_word' id='word_1_315' title='bbox 172 3533 233 3575; x_wconf 73' lang='lat' dir='ltr'><strong>urm</strong></span> <span class='ocrx_word' id='word_1_316' title='bbox 250 3531 325 3574; x_wconf 80' lang='lat' dir='ltr'><strong>anns</strong></span> <span class='ocrx_word' id='word_1_317' title='bbox 342 3515 392 3574; x_wconf 89' lang='lat' dir='ltr'><strong>lv.</strong></span> <span class='ocrx_word' id='word_1_318' title='bbox 827 3523 861 3573; x_wconf 78' lang='lat' dir='ltr'><strong>‘lo</strong></span> 
     </span>
    </p>
   </div>
   <div class='ocr_carea' id='block_1_5' title="bbox 0 0 1266 3898">
    <p class='ocr_par' dir='ltr' id='par_1_7' title="bbox 0 0 1266 3898">
     <span class='ocr_line' id='line_1_41' title="bbox 0 0 1266 3898; baseline 0 0"><span class='ocrx_word' id='word_1_319' title='bbox 0 0 1266 3898; x_wconf 95' lang='lat' dir='ltr'><strong> </strong></span> 
     </span>
    </p>
   </div>
  </div>
 </body>
</html>
