2480 3904
165 193 173 199 ·
276 180 389 242 LIBER
403 181 522 242 XXXV.
543 179 625 242 CAP.
638 189 665 244 9.
678 191 721 244 10.
744 189 781 257 [ι.
792 189 825 242 0.
838 189 899 258 193]
1013 184 1075 250 183

108 335 179 398 locis
189 335 231 396 ¹'de
247 337 330 398 caelo
345 343 454 398 tactus.
477 345 507 397 et
517 335 639 396 Ariciae
654 335 820 398 etLanuvli
835 345 865 398 et
879 338 909 396 in
921 340 1074 401 Aventino

107 420 251 495 lapidibus
264 419 375 496 plut·it;
398 429 457 481 eta
469 418 573 495 Capua
583 421 751 480 nuntiatum
763 427 810 481 est
821 435 951 481 examen
963 437 1074 498 vespa-

107 519 165 565 rum
185 503 291 578 ingens
314 503 345 564 in
361 505 460 566 iorum
482 501 646 565 advolasse
661 509 691 564 et
705 502 736 563 i'n
750 503 856 564 Martis
872 505 949 564 aede
965 521 1074 567 conse·

106 587 196 648 disse:
218 599 272 648 eas
289 587 433 648 collectas
456 603 524 647 cum
547 603 619 647 cura
633 596 663 648 et
676 587 737 662 igni
753 595 901 648 crematas
917 603 998 649 esse.
1018 591 1074 652 ho·‹

104 688 164 730 rum
182 669 392 748 prodigiorum
412 685 507 732 causa
528 671 694 732 decemviri
713 672 808 732 libros
831 671 916 732 adire
931 673 1022 749 iussi,
1044 682 1076 735 et

103 753 286 816 novemdiale
297 757 417 816 sacrum
430 757 551 827 lactum,
564 757 594 814 el
604 754 789 831 supplicatio
800 749 914 816 indicta
924 765 973 818 est
983 765 1075 834 atque

101 839 168 899 urbs
182 839 317 899 lustrata.
339 836 448 899 iisdem
463 837 571 899 diebos
584 837 755 900 ‘aediculam
768 839 925 900 Victoriae
937 841 1075 916 Virginis

103 937 193 1000 prope
207 919 315 983 aedem
329 917 485 984 Victoriae
498 920 538 982 M.
554 920 681 984 Porcius
697 924 769 984 Cato
785 923 938 985 dedicavit
949 925 1072 986 biennio

33 1073 35 1080 ,
101 1015 164 1082 post
179 1021 269 1080 quam
285 1007 377 1068 vovit.

34 1089 35 1094 ’
173 1087 292 1150 Eodem
313 1101 394 1152 anno
418 1091 568 1152 coloniam
583 1087 720 1151 Latinam
743 1091 773 1151 in
792 1098 925 1153 castrum
938 1093 1071 1156 Ferenti-

100 1191 164 1234 num
177 1175 324 1235 tlitnnviri
340 1171 532 1236 deduxerunt
546 1175 597 1235 Cn.
612 1162 743 1236 Manlius
758 1174 858 1236 Vulso
872 1175 905 1234 L.
920 1178 1072 1252 Apustius

99 1258 176 1320 Fullo
193 1259 225 1333 Q.
241 1261 349 1320 Aelius
362 1253 492 1334 Tubero,
515 1258 603 1320 cuius
617 1259 685 1334 lege
701 1259 918 1320 deducebatur.
945 1260 1002 1320 tria
1017 1261 1071 1320 mi-

99 1343 133 1402 tia
151 1343 287 1418 pediturn
310 1345 387 1416 lere,
410 1344 537 1405 trecenti
551 1343 685 1419 equites,
708 1359 853 1404 numerus
869 1345 999 1419 exiguus
1014 1361 1071 1420 pro

100 1429 180 1502 copia
200 1420 273 1504 agri.
302 1429 368 1489 dari
382 1436 510 1504 potuere
528 1427 643 1487 tricena
656 1427 764 1504 iugera
776 1427 807 1487 in
821 1427 957 1503 pedites,
980 1443 1071 1488 sexa·

98 1526 168 1586 gena
180 1513 210 1571 in
226 1511 358 1589 equites.
388 1513 521 1588 Apustio
536 1517 659 1573 auctore
674 1512 763 1573 tertia
777 1527 851 1586 pars
866 1513 931 1587 agri
946 1513 1072 1588 dempta

97 1603 152 1670 est,
175 1614 236 1672 quo
262 1604 387 1672 postea,
414 1597 440 1656 si
465 1597 590 1668 vellent,
617 1611 715 1656 novos
742 1596 870 1657 colonos
893 1596 1070 1657 adscribere

96 1688 223 1754 possent.
257 1679 369 1741 vicena
388 1680 494 1756 iugera
515 1679 650 1755 pedites,
673 1681 872 1756 quadragena
886 1681 1004 1756 equites
1019 1695 1069 1740 ac·

96 1773 245 1838 ceperunt.

170 1849 206 1910 X.
234 1849 270 1907 In
286 1847 369 1909 exilu
389 1847 451 1908 iam'
467 1861 566 1907 annus
581 1853 661 1921 erat,
683 1855 714 1908 et
726 1847 849 1909 ambitio
864 1849 962 1924 magis
979 1865 1070 1923 quam

98 1949 232 2008 nmquam
254 1933 330 1994 alias
351 1935 510 1993 exarserat
531 1929 745 1992 consularibus
767 1931 907 1993 comitiis.
940 1933 1024 1992 multi
1041 1939 1071 1992 et

96 2023 229 2090 potentes
256 2017 402 2092 petebant
426 2015 544 2092 patricii
565 2015 753 2092 plebeiique,
781 2014 814 2074 P.
837 2016 994 2076 Cornelius
1016 2014 1069 2074 Cn.

94 2099 168 2162 lilius
184 2100 299 2176 Scipio,
323 2102 375 2177 qui
390 2117 429 2161 ex
443 2099 592 2175 Hispania
605 2099 765 2176 provincia
779 2115 878 2174 nuper
894 2100 1072 2159 decesserat

94 2187 205 2260 magnis
218 2173 313 2245 iebus
325 2185 429 2260 gestis,
445 2192 475 2246 et
486 2183 518 2243 L.
532 2183 689 2258 Quinctius
700 2181 896 2256 Flamininus,
913 2183 965 2258 qui
978 2183 1071 2244 classi

93 2267 120 2326 in
135 2266 263 2330 Graecia
282 2271 472 2344 praefuerat,
494 2277 524 2330 et
544 2269 595 2329 Cn.
610 2265 741 2328 Manlius
762 2269 879 2338 Vulso;
901 2269 921 2327 ii
942 2267 1069 2343 patricii,

92 2353 199 2425 plebeii
210 2353 312 2414 aul'em
324 2353 354 2414 C.
365 2351 496 2426 Laelius,
509 2345 561 2413 Cn.
573 2353 732 2426 Domitius,
746 2351 777 2412 0.
789 2352 894 2412 Livius
907 2351 1069 2422 Salinator,

92 2429 137 2495 Μ’.
147 2437 276 2498 Acilius.
297 2435 355 2498 sed
370 2437 503 2498 omnium
518 2436 599 2498 oculi
610 2436 640 2503 in
653 2435 823 2509 Quinctium
836 2435 1071 2508 Corneliumque

91 2520 234 2581 coniecti:
263 2537 332 2582 nam
351 2529 383 2581 et
397 2519 428 2579 in
445 2537 539 2582 unum
559 2521 661 2580 locum
676 2518 820 2594 petebant
836 2519 926 2578 ambo
943 2517 1070 2592 patricii,

91 2611 119 2664 el
131 2605 174 2664 rei
190 2603 327 2666 militaris
342 2604 439 2680 &loric
453 2619 562 2664 recens
576 2611 740 2676 utrumque
755 2601 997 2661 commendabat.
1020 2613 1070 2659 ce·

90 2696 185 2750 terum
206 2695 276 2760 ante
292 2690 393 2750 omnia
408 2699 561 2750 certamen
575 2686 785 2746 accendebant
800 2686 909 2746 iratres
925 2683 1070 2745 candida·

90 2780 202 2848 lorum,
229 2773 290 2834 duo
316 2773 477 2833 clarissimi
502 2771 609 2832 aetatis
630 2785 706 2830 suae
726 2769 936 2846 imperatores.
972 2768 1071 2829 maior

89 2857 185 2931 gloria
199 2854 230 2917 in
245 2855 277 2917 P.
294 2850 448 2933 Scipione,
464 2864 494 2918 et
510 2872 571 2932 quo
586 2855 697 2929 maior,
710 2870 747 2915 eo
763 2855 891 2931 propior
905 2855 1068 2924 invidiam;

90 2939 219 3014 Quinctii
232 2943 400 3014 recentior,
420 2948 453 3002 ut
469 2941 520 3016 qui
535 2956 572 3001 eo
588 2953 668 3000 anno
684 2937 923 3015 triumphasset.¹
939 2938 1069 3000 aceede-

89 3023 139 3088 bat
159 3025 246 3101 quod
266 3027 342 3085 alter
366 3025 517 3086 decimum
537 3025 597 3084 iam
618 3039 716 3099 prope
736 3037 847 3084 annum
868 3024 1017 3085 adsiduus
1038 3021 1069 3081 in

89 3109 186 3170 oculis
201 3109 357 3171 hominum
372 3103 477 3185 furerat,
494 3123 574 3184 quae
587 3123 639 3168 res
654 3109 754 3168 minus
769 3108 923 3168 verendos
938 3120 1069 3180 magnos

88 3191 228 3254 homines
242 3195 311 3270 ipsa
326 3193 465 3254 satietate
480 3193 567 3262 latit,
591 3193 699 3253 consul
713 3192 821 3253 iterum
833 3197 905 3266 post
916 3190 1069 3250 devictum
1187 3241 1188 3244 ,

88 3275 288 3338 Hannibalem
303 3291 478 3354 censorque
492 3277 605 3337 luerat:
624 3277 653 3336 in
670 3275 807 3350 Quinctio
823 3289 905 3334 nova
919 3281 949 3333 et
963 3287 1069 3332 recen-

89 3361 129 3419 tia
148 3361 251 3422 0mnia
271 3363 312 3422 ad
331 3363 458 3438 gratiam
479 3368 581 3431 erant,
607 3360 678 3420 nihil
701 3375 758 3418 nec
776 3359 905 3433 petierat
918 3374 937 3416 a
952 3357 1068 3432 populo

89 3452 162 3520 post
182 3445 366 3522 triumphurn
387 3463 444 3506 nec
466 3445 596 3522 adeptus
617 3450 690 3504 erat.
722 3459 779 3518 pro
801 3438 892 3501 fratre
913 3455 1069 3516 germano,
1187 3431 1188 3434 ’
