2482 3900
277 207 393 268 LIBER
407 208 511 270 xxxi.
535 207 616 268 CAP.
628 216 671 271 44.
684 218 727 272 45.
744 216 781 286 [u.
795 216 829 269 C.
839 217 903 286 boo]
1019 211 1063 278 39

163 363 265 424 XLIV.
288 361 403 424 Classis
418 378 437 422 a
452 361 588 440 Corcyra
607 362 747 424 eiusdem
766 363 916 440 principio
935 367 1061 430 aestatis

76 464 147 510 cum
166 447 201 506 L.
221 446 354 522 Apustio
380 447 480 521 legato
503 448 656 521 prolecta,
677 446 777 507 Malea
798 455 959 524 superata,
980 450 1063 511 circa

76 532 255 610 Scyllaeum
270 530 334 605 agri
348 530 533 590 Hermionici
546 531 649 592 Attalo
663 531 729 606 regi
743 533 905 592 coniuncta
919 541 976 594 est
999 542 1061 596 tum

75 633 149 676 vero
163 614 399 676 Atheniensium
414 614 530 687 civitas,
546 614 595 675 cui
610 615 682 676 odio
697 617 728 676 in
742 613 914 691 Philippum
928 633 984 692 per
998 634 1061 679 me·

75 709 139 761 tum
153 698 216 759 iarn
231 699 285 760 diu
299 699 457 759 moderata
470 706 549 773 erat,
570 699 602 758 id
618 715 708 760 omne
725 700 756 759 in
769 700 875 760 auxilii
887 703 1060 776 praesentis

75 799 163 858 spem
185 782 303 846 effudit.
335 799 393 842 nec
413 798 559 857 umquam
573 782 615 842 ibi
630 784 743 846 desunt
762 784 885 859 linguae
899 792 1062 862 promptae

75 869 114 928 ad
137 867 263 942 plebem
288 866 517 935 concitandam
551 868 635 942 quod
655 883 755 943 genus
775 883 845 928 cum
867 868 897 928 in
918 869 1060 932 omuibus

74 952 180 1012 liberis
197 949 379 1025 civitatibus,
394 957 457 1012 tum
472 951 640 1027 praecipue
653 952 791 1026 Athenis,
812 951 865 1013 ubi
881 955 978 1014 oratio
994 956 1061 1032 phr-

73 1036 184 1096 rimum
205 1037 317 1110 pollet,
339 1037 446 1096 lavore
459 1035 659 1096 multitudinis
674 1035 772 1096 alitur.
800 1038 991 1111 rogationem
1007 1054 1061 1100 ex·

75 1121 191 1196 templo
204 1122 348 1194 tulerunt,
362 1119 534 1195 plebesque
549 1119 648 1190 seivit,
664 1127 698 1180 ut
707 1119 836 1196 Philippi
851 1129 972 1182 statuae
986 1122 1060 1182 ima·

74 1205 162 1279 giues
178 1219 298 1278 omnes,
312 1203 499 1279 nominaque
513 1219 628 1278 earum,
643 1204 715 1264 item
728 1203 877 1264 maiorum
891 1205 958 1266 eius
973 1206 1061 1266 virile

75 1304 113 1348 ac
139 1287 289 1349 muliebre
316 1303 409 1349 secus
438 1288 572 1348 omniurn
601 1288 779 1348 tollerentur
809 1287 1060 1364 delerenturque;

75 1373 206 1446 diesque
220 1372 306 1446 festi,
328 1387 433 1446 sacra,
449 1372 645 1445 sacerdotes,
662 1387 743 1448 quae
757 1371 856 1448 ipsius
872 1372 1062 1434 maiorumve

74 1455 138 1517 eius
154 1455 285 1517 honoris
300 1471 398 1518 causa
409 1457 546 1517 instituta
561 1463 675 1529 essent
691 1457 794 1516 omnia
808 1457 1060 1532 profanarentum

73 1543 141 1602 loca
156 1555 293 1616 quoque,
315 1541 346 1600 in
363 1540 475 1617 quibus
489 1541 625 1617 positum
639 1540 756 1617 aliquid
769 1541 990 1615 inscriptumve
1004 1541 1060 1601 ho·

72 1625 157 1686 noris
180 1625 248 1686 eius
270 1639 366 1686 causa
386 1625 510 1698 luisset,
532 1624 726 1686 detestabilia
745 1639 832 1699 esse,
853 1640 956 1700 neque
976 1626 1007 1685 in
1021 1625 1059 1686 iis

74 1710 243 1785 quicquam
263 1717 374 1784 postea
393 1709 468 1784 poni
482 1708 680 1785 dedicarique
694 1711 818 1785 placere
832 1725 955 1782 eorum,
978 1725 1060 1784 quae

70 1795 99 1852 in
114 1796 190 1855 loco
212 1809 291 1868 puro
312 1791 388 1870 poni
409 1791 608 1868 dedicarique
623 1795 670 1854 ias
686 1801 779 1854 esset.
809 1794 988 1854 sacerdotes
1003 1809 1059 1868 pu-

70 1877 188 1951 blicos,
206 1877 475 1952 quotienscunque
495 1893 552 1952 pro
567 1878 682 1953 populo
697 1876 878 1938 Atheniensi
892 1877 1059 1952 sociisque,

70 1971 99 2022 et
122 1961 315 2023 exercitibus
340 1968 371 2022 et
395 1960 549 2022 elassibus
573 1977 682 2022 eorum
705 1969 918 2037 precarentur,
947 1961 1059 2023 totiens

70 2045 221 2107 detestari
236 2052 329 2120 atque
342 2045 498 2108 exsecrari
508 2043 690 2120 Philippum,
705 2045 820 2107 liberos
835 2045 902 2105 eius
917 2061 1059 2120 regnum-

69 2146 147 2206 que,
178 2136 340 2192 terrestres
365 2130 555 2206 navalesque
579 2129 702 2205 copias,
731 2129 936 2190 Macedonum
960 2143 1059 2204 genus

69 2229 166 2275 omne
185 2229 369 2291 nomenque.
400 2213 536 2275 additum
556 2213 696 2285 decreto,
718 2213 831 2290 siquis
852 2213 926 2290 quid
940 2220 1059 2288 postea,

68 2299 157 2374 quod
172 2298 215 2358 ad
230 2305 333 2358 notam
348 2297 607 2374 ignominiamque
620 2297 752 2374 Philippi
765 2298 940 2374 pertineret,
957 2299 1059 2370 terret,

68 2383 99 2442 id
114 2397 213 2444 omne
232 2385 381 2458 populum
396 2382 615 2444 Atheniensem
632 2382 804 2454 iussurum
826 2381 938 2456 siquis
954 2387 1062 2442 eontra

69 2465 270 2540 ignominiam
296 2483 393 2542 prove
417 2467 535 2528 honore
560 2467 626 2526 eius
652 2465 784 2526 dixisset
803 2465 982 2538 iecissetve,
1007 2464 1061 2539 qur·

71 2550 244 2612 cecidisset
262 2566 346 2625 eum,
372 2551 438 2612 iure
459 2566 631 2612 caesarum.
661 2557 819 2624 postremo
840 2548 1005 2620 inclusum,
1027 2554 1061 2609 ut

70 2635 178 2696 omniu
190 2650 271 2710 quae
283 2636 433 2696 adversus
440 2633 648 2695 Pisistratidas
660 2633 785 2693 decretu
797 2631 953 2707 quondam
963 2635 1060 2704 eraut,

68 2721 183 2780 eadem
205 2719 235 2780 in
250 2718 391 2795 Philippo
414 2723 618 2781 servarentur.
651 2716 858 2777 Athenienses
873 2714 998 2790 quidem
1013 2714 1060 2776 tit·

67 2803 147 2865 teris
161 2803 339 2879 verbisque,
356 2804 469 2880 quibus
483 2803 560 2864 solis
573 2803 686 2876 valent,
699 2800 813 2863 bellum
827 2800 979 2861 adversus
990 2798 1060 2860 Phi-

68 2887 193 2964 lippum
207 2889 364 2962 gerebant.

157 2971 250 3032 XLV.
270 2973 391 3034 Attalus
411 2973 604 3047 Romanique
632 2987 700 3032 eum
720 2969 880 3030 Piraeeum
900 2968 998 3043 primo
1020 2966 1059 3032 ab

69 3056 240 3116 Hermone
260 3057 425 3131 petissent,
445 3071 564 3132 paucos
584 3053 626 3114 ibi
646 3056 755 3117 morati
777 3055 859 3126 dies,
882 3053 1061 3126 oneratique

70 3155 175 3216 ecque
194 3141 368 3202 immodicis
390 3142 430 3201 ad
444 3141 580 3201 honores
601 3139 770 3211 sociorum,
794 3145 886 3214 atque
901 3137 931 3196 in
945 3136 992 3195 ira
1006 3134 1060 3192 ad·

70 3239 185 3286 versus
201 3224 323 3286 hostem
340 3227 475 3298 fuerant,
496 3223 729 3284 Atheniensium
743 3222 891 3295 decretis,
916 3218 1061 3290 navigant

70 3307 234 3371 uPirueeo
247 3310 397 3370 Andrum.
426 3315 456 3369 et
470 3325 539 3370 cum
552 3307 583 3368 in
603 3315 709 3382 portu,
731 3322 821 3382 quem
837 3303 990 3364 Gaureion
1004 3315 1060 3360 vo·

72 3401 147 3452 eant
187 3394 411 3464 constitissent,
433 3391 538 3454 missis
560 3391 611 3468 qui
631 3396 814 3466 temptarent
834 3386 1060 3462 oppidanorum

71 3475 210 3552 auhnos,
232 3477 259 3540 si
278 3480 435 3540 voluntate
456 3477 578 3538 tradere
601 3475 710 3537 urbem
730 3488 822 3548 quam
841 3469 904 3530 vim
925 3468 1059 3545 experiri
