2506 3898
158 172 222 237 ³70
286 173 400 235 LIBER
414 173 575 234 xxxviii.
598 171 680 234 CAP.
696 181 740 234 ⁵4.
753 181 797 234 55.
820 179 857 246 [a
871 178 906 230 ll.
918 196 943 230 o.
954 178 1019 246 ⁵65]

157 333 191 386 ut
205 331 294 384 antea
309 338 432 397 semper
447 323 558 382 iactum
572 329 664 396 esset,
680 337 813 398 aequuum
826 322 1004 386 censebant
1028 323 1149 386 Petillii

157 409 345 471 nobilitatem
366 414 397 464 et
416 421 543 480 regnum
564 406 594 465 iu
614 413 724 468 senatu
738 405 917 480 Scipionum
937 406 1146 468 accusabant

158 495 190 552 L.
210 492 320 554 Furius
341 489 488 564 Purpurio
510 490 698 562 consularis,
721 490 824 565 quiin
844 489 953 551 docem
973 487 1086 565 legatis
1110 490 1146 550 in

155 576 233 638 Asia
246 576 359 648 luerat,
380 575 469 634 latius
484 573 656 646 rogandum
670 574 830 648 censebat,
845 590 907 634 non
922 591 1004 649 quae
1016 575 1058 633 ab
1069 573 1146 634 An·

156 659 257 722 tiocho
272 660 364 720 modo
381 657 529 732 pecuniae
545 663 654 731 captae
668 657 850 732 loreutsed
864 657 997 732 qumab
1007 656 1076 716 aliis
1086 673 1147 716 re-

155 743 246 819 gibus
266 741 486 818 gentibusque,
507 740 559 800 Cn.
574 740 719 800 Manlium
739 740 891 802 inimicum
913 742 1144 805 incessens-et

154 829 187 888 L.
201 825 316 903 Scipio,
333 839 424 900 quem
435 825 533 898 magis
546 840 602 899 pro
615 840 650 885 se
662 840 754 899 quam
765 825 916 886 adversus
928 826 1027 900 legem
1036 826 1144 886 diotrn

154 927 222 973 rum
243 907 428 985 apparebat,
450 908 612 970 dissuasor
631 909 795 984 processit.
830 908 859 969 is
872 916 946 984 post
959 916 1087 969 mortem
1105 908 1141 967 P.

153 993 290 1055 Africani
305 992 418 1066 fratria,
429 991 486 1054 viri
500 989 633 1057 omnium
647 991 805 1054 tortissimi
820 992 1051 1066 clarissimique,
1066 1009 1141 1054 eam

154 1085 292 1140 exortam
312 1078 503 1152 rogationem
525 1084 573 1136 est
592 1083 791 1152 conquestus.
821 1093 930 1152 parum
944 1076 1023 1136 eninr
1038 1075 1142 1136 luisse

154 1179 216 1224 non
236 1161 355 1225 laudari
375 1177 432 1236 pro
447 1160 567 1225 Rostris
581 1160 613 1220 P.
629 1161 806 1222 Africanum
827 1167 1055 1235 postmortem,
1075 1161 1141 1220 nisi

155 1247 247 1306 etiam
265 1251 473 1306 accusaretur.
509 1251 540 1305 ct
559 1243 825 1320 Carthaginienses
833 1243 947 1308 exsilio
955 1243 1139 1306 Hannibalis

155 1335 317 1400 contentos
338 1343 423 1387 esse:
450 1329 598 1404 populum
611 1329 783 1392 Romanum
796 1335 948 1392 nemorte
962 1327 1087 1402 quidem
1100 1327 1138 1386 P.

155 1411 311 1490 Scipionis
326 1411 480 1485 exsulari,
495 1412 553 1474 uisi
568 1420 600 1472 et
613 1412 712 1487 ipsius
727 1412 809 1474 lama
818 1413 931 1487 sepulti
944 1413 1096 1472 laceretur
1108 1421 1140 1472 et

155 1497 248 1558 trater
258 1497 394 1572 insuper,
410 1493 549 1557 accessio
562 1495 703 1567 invidiae,
720 1501 879 1558 mactetur.
899 1494 940 1555 Μ.
953 1493 1141 1557 Calosuasit

154 1580 512 1658 rogationem-austu
536 1580 634 1642 oratio
660 1577 789 1640 eiusde
813 1579 945 1655 pecunia
968 1578 1051 1653 regis
1070 1579 1139 1638 An-

155 1663 313 1736 tiochi—,
335 1669 366 1722 el
379 1661 541 1726 Mummios
561 1661 699 1724 tribunos
721 1663 899 1727 auctoritate
914 1661 1074 1736 deterruit,
1098 1677 1139 1722 na

156 1746 393 1808 adversarentur
405 1745 569 1821 rogationi.
601 1745 821 1808 remittentibus
836 1762 909 1822 ergo
924 1745 973 1806 bis
987 1745 1138 1808 interces-

156 1831 274 1892 sionem
299 1845 409 1892 omnes
427 1829 524 1892 tribus
545 1831 588 1893 uti
607 1838 772 1910 rogassent
790 1830 954 1892 iusserunt.
982 1829 1045 1890 bv,
1067 1827 1138 1890 Soa

158 1913 294 1992 Sulpicio
316 1914 429 1981 ddude
442 1916 615 1988 referente,
632 1931 724 1991 quom
737 1914 896 1990 rogatione
910 1913 1026 1976 Petillia
1040 1929 1138 1988 quae

155 2014 225 2059 rere
250 1999 376 2072 vellent,
402 1998 437 2073 Q.
457 1999 629 2061 Terentium
648 1999 826 2065 Culleonem
845 2006 951 2074 patres
969 1997 1139 2060 iusserunt

157 2083 197 2143 ad
210 2081 292 2144 hunc
305 2090 491 2158 praetorem,
513 2082 591 2144 adeo
607 2083 737 2146 amicum
753 2080 912 2144 Corneliae
926 2081 1071 2154 tabidae,
1091 2089 1139 2158 ut,

157 2167 209 2242 qui
224 2168 341 2229 Romae
354 2172 506 2226 mortuum
521 2167 694 2241 elatumque
707 2165 741 2224 P.
756 2165 932 2242 Scipionem
942 2170 1044 2225 -cst
1056 2165 1136 2226 emm

157 2265 194 2309 aa
216 2263 342 2324 quoquo
360 2248 643 2323 lama-madunt,
664 2249 823 2324 pileatum,
844 2247 967 2310 sicutin
984 2247 1132 2323 mnnpbo

156 2333 240 2405 ierat,
255 2330 286 2393 in
300 2331 408 2394 lunare
425 2347 550 2408 quoquc
564 2340 634 2394 ante
648 2333 759 2397 lectum
770 2332 1022 2396 issomemoriae
1033 2330 1136 2406 prodi-

158 2415 270 2486 derint,
293 2421 323 2475 et
337 2416 375 2475 ad
399 2423 518 2491 portam
534 2417 688 2493 Capenam
707 2417 838 2478 mulsum
854 2416 1028 2492 prosecutis
1038 2417 1136 2476 lullus

157 2500 298 2573 dedisse,
321 2500 406 2576 quod
420 2499 459 2560 ab
474 2516 511 2561 eo
527 2500 604 2562 inter
617 2499 694 2565 alios
709 2501 848 2576 captivos
863 2501 892 2560 in
908 2501 1014 2561 Africa
1027 2515 1066 2560 ex
1079 2497 1136 2560 ho·

157 2584 255 2645 stibus
265 2590 408 2660 receptus
422 2591 520 2655 esset;
545 2594 597 2646 aut
610 2585 688 2646 adeo
701 2583 853 2646 inimicum
865 2585 1004 2656 eundem,
1019 2591 1144 2658 ut›pro·,

158 2673 225 2742 pler
245 2667 395 2742 insignem
417 2667 599 2731 simultatem
620 2669 659 2730 ab
678 2685 717 2730 ea
736 2668 880 2743 factione,
904 2683 985 2744 quoe
1005 2667 1135 2730 adversa

158 2749 353 2827 Scipionibus
370 2760 441 2827 erat,
458 2752 596 2816 delectus
610 2751 651 2814 sit
664 2751 857 2829 potissimum
871 2754 911 2812 ad
926 2752 1136 2828 quaestionem

159 2835 430 2906 exercendam,-;
455 2843 588 2899 ceterum
609 2836 649 2896 ad
668 2837 749 2898 hunc
764 2835 853 2898 nimis
867 2852 999 2912 aequum
1014 2842 1067 2896 aut
1080 2833 1138 2894 ini-

160 2933 253 2994 quum
269 2926 527 2994 praetoremreus
543 2921 696 2988 extemplo
712 2921 808 2980 lactus
821 2920 853 2980 L.
865 2918 978 2996 Scipio.
1002 2919 1138 2979 simulet

160 3002 262 3068 delata
276 3009 306 3064 et
325 3009 452 3078 recepta
465 3003 587 3064 nonina
601 3003 768 3078 legatorum
785 3004 867 3077 eius,
881 3004 926 3066 A.
942 3011 975 3064 ct
986 3003 1020 3064 L.
1036 3002 1137 3062 Hosti·

160 3087 268 3148 liorum
286 3085 449 3161 Catonum,
470 3093 501 3146 et
516 3087 545 3147 C.
561 3087 643 3148 Furii
656 3088 823 3148 Aculeonis
843 3087 1042 3163 quaestoris„
1053 3091 1138 3146 etrut

161 3171 261 3234 omnia
288 3177 426 3233 contacta
451 3170 597 3238 societate
622 3175 779 3246 peculatus
800 3170 990 3244 viderentur,
1015 3169 1148 3230 scribac.

161 3270 285 3331 quoque
300 3253 360 3320 duo
377 3262 406 3316 et
420 3268 581 3316 accrrnsus.
602 3254 635 3314 L.
649 3255 796 3318 Hostilius
811 3261 844 3316 el
855 3256 1145 3316 scribaeetaccen·.

160 3353 223 3409 sus
242 3337 420 3414 priusquam
436 3339 475 3399 de
487 3337 631 3413 Scipione
645 3339 788 3400 iudicium
800 3339 896 3414 ficret,
912 3336 1044 3400 absoluti
1053 3342 1136 3408 sunt,

160 3417 264 3492 Scipio
287 3429 316 3480 et
329 3423 366 3480 Α.
381 3423 528 3484 Hostilius
546 3424 666 3496 legatus
681 3429 711 3482 et
726 3422 756 3482 C.
770 3421 880 3484 Furius
901 3421 1048 3484 damuati:
1072 3435 1135 3494 quo
