2482 3902
148 161 214 228 tao
256 159 1032 256 umnnxxruv.enr.11.12.1s.p.u.‹.scu
1075 117 1080 124 ’

149 313 304 394 sperantis
320 312 395 376 satis
410 311 481 390 opis
496 321 527 374 et
540 311 646 375 auxilii
662 311 721 375 sibi
736 311 767 375 in
781 313 929 375 Romanis
951 329 1034 376 esse.
1062 313 1096 376 id
1110 312 1138 376 si

149 402 266 464 nullum
280 398 329 474 sit,
345 396 372 459 si
386 397 446 460 sibi
460 413 480 458 a
494 398 623 460 consule
634 403 774 474 negetur,
790 398 868 460 deos
880 395 1087 475 hominesque
1102 413 1139 458 se

148 483 237 548 testis
251 484 354 544 lacere
368 479 482 543 invitos
496 488 528 544 ct
542 489 669 544 coactos
685 495 730 557 se,
746 497 786 544 ne
800 482 911 544 cadem
923 497 1004 559 quae
1015 480 1138 558 Sagun-

148 568 204 632 tini
218 565 306 644 passi
321 563 382 626 siut
395 565 557 641 patiantur,
572 565 759 640 defecturos,
775 573 806 629 et
821 581 891 628 eum
906 565 1019 628 emeris
1030 565 1139 643 potius

147 647 295 728 Hispanis
311 665 404 725 quam
419 650 506 712 solos
520 647 676 724 perituros
692 666 775 712 esse.
807 649 873 710 Xll.
896 656 927 712 et
941 649 994 712 illo
1009 649 1139 727 quidem

149 734 200 798 die
215 734 261 796 sic
277 731 344 796 siue
358 749 513 809 responso
529 731 658 796 dimissi.
693 735 853 796 consulem
868 741 977 808 nocte,
993 751 1076 810 quae
1090 734 1137 794 in-

149 827 257 884 secuta
272 825 334 894 est,
355 833 474 894 anceps
497 834 572 880 cura
590 817 722 895 agitare=
745 819 829 883 nolle
850 819 997 880 deserere
1018 817 1137 893 socios,

148 904 231 966 nolle
245 901 384 963 udnuere
399 902 584 977 exercitum,
606 903 693 978 quod
712 910 765 966 aut
784 919 903 964 moram
918 901 978 964 sibl
992 901 1034 963 ad
1048 901 1137 964 dimi·

150 988 282 1050 candum
297 985 395 1049 autin
409 985 584 1048 dimicando
599 985 770 1062 periculum
783 986 906 1049 adlerre
920 994 1039 1064 posset.
1076 994 1139 1049 scat

150 1070 302 1136 sententia
315 1087 378 1131 non
392 1070 531 1133 minuere
547 1069 671 1147 copias,
686 1088 726 1134 ue
742 1070 817 1148 quid
831 1069 952 1133 interim
966 1070 1075 1133 hostes
1089 1070 1138 1132 in-

150 1159 249 1220 ierunt
262 1154 464 1232 ignominiam
486 1153 582 1216 sociis
603 1171 693 1231 sporn
711 1173 767 1231 pro
782 1171 817 1216 re
832 1155 1048 1218 ostentandam
1063 1171 1136 1216 cen-

150 1250 208 1306 set.
230 1255 326 1316 saepo
341 1257 422 1301 vana
436 1255 493 1316 pro
508 1238 601 1314 veris,
616 1239 748 1302 maxime
763 1239 794 1300 in
810 1240 909 1315 bello,
930 1238 1084 1314 valuisse,
1105 1247 1138 1300 et

150 1326 326 1390 credentem
340 1341 375 1386 se
390 1323 508 1400 aliquid
522 1321 628 1384 auxilii
642 1323 771 1398 habere,
786 1323 916 1400 perinde
930 1331 1025 1399 atque
1038 1323 1137 1384 habe

149 1419 211 1486 ret,
232 1409 303 1484 ipsa
323 1408 438 1470 fiducia
457 1415 489 1469 et
508 1408 664 1484 sperando
686 1415 780 1484 atque
800 1407 944 1470 audendo
967 1416 1137 1470 servatum.

148 1502 276 1574 postero
298 1491 348 1554 die
368 1491 478 1569 legatis
498 1490 676 1568 respondit,
704 1507 892 1568 quamquam
913 1500 1074 1568 vereatur,
1094 1508 1138 1553 no

150 1595 224 1642 suas
238 1575 332 1651 vires,
346 1575 414 1637 aliis
429 1591 484 1637 eas
500 1575 737 1652 commodando,
752 1575 877 1648 minuat,
893 1583 996 1638 umen
1011 1575 1139 1639 illorum

151 1679 186 1724 sc
199 1659 348 1736 temporis
363 1677 400 1722 ac
415 1658 544 1736 periculi
559 1659 658 1736 magis
675 1671 768 1738 quam
783 1660 832 1722 sui
846 1659 996 1723 rationem
1008 1661 1138 1722 habere.

150 1742 322 1807 denuntiari
343 1743 470 1806 militurn
490 1741 569 1821 parti
589 1743 697 1808 tertiae
719 1761 759 1806 ex
781 1745 925 1807 omnibus
951 1744 1138 1808 cohortibus

149 1829 242 1904 iubet,
252 1835 286 1890 ut
297 1827 407 1903 cibum,
420 1845 513 1906 quem
522 1827 553 1889 in
567 1845 664 1892 naves
675 1827 1137 1907 imponantmaturecoquanm

150 1930 310 1990 navesque
324 1911 356 1975 in
371 1913 452 1976 diem
466 1913 589 1976 tertium
603 1913 744 1990 expediri
757 1912 857 1977 iussit.
873 1915 953 1976 duos
969 1929 1007 1975 ex
1022 1915 1138 1992 legatis

149 1995 290 2073 Bilistagi
304 2007 397 2075 atquc
408 1998 590 2075 Ilergetibus
602 1997 743 2060 nuntiare
757 2015 795 2060 ea
809 1998 908 2061 iubet:
924 1999 1020 2060 filium
1034 2001 1136 2075 reguli

151 2080 279 2144 comiter
292 2082 435 2144 habendo
451 2091 481 2144 et
495 2081 674 2144 muneribus
685 2083 770 2161 apud
780 2099 815 2146 se
828 2082 947 2158 retinet,
962 2083 1055 2160 legati
1070 2100 1134 2143 non

150 2174 222 2227 anta
236 2166 382 2241 proiecti,
405 2181 498 2241 quam
511 2165 673 2244 impositos
688 2166 720 2228 in
735 2183 832 2230 naves
847 2167 958 2230 milites
973 2165 1135 2230 videruntt

149 2249 182 2311 id
202 2265 260 2325 pro
281 2249 365 2312 haud
385 2249 478 2312 dubio
498 2249 559 2312 iarn
579 2249 758 2314 nuntiantes
776 2269 838 2314 non
861 2269 937 2314 suos
958 2252 1051 2314 modo
1075 2253 1136 2314 sed

150 2331 242 2396 etiam
255 2332 355 2395 hostis
367 2335 447 2396 lama
454 2333 586 2397 Romani
597 2334 703 2397 auxilii
714 2335 909 2399 adventantis
921 2335 1136 2413 impleverunt,

149 2417 228 2481 XIll.
264 2420 388 2494 consul,
409 2417 462 2480 ubi
477 2419 553 2483 satis
574 2421 660 2498 quod
679 2419 711 2481 in
726 2419 863 2498 speciem
879 2419 934 2482 luit
948 2427 1136 2483 ostentatum

150 2508 212 2576 est,
233 2501 375 2565 revocari
397 2520 437 2565 ex
452 2505 581 2568 navibus
596 2503 707 2567 milites
720 2503 819 2567 iubata
841 2503 926 2582 ipse,
942 2520 1012 2566 cum
1025 2503 1087 2564 iam
1101 2503 1135 2565 id

149 2597 271 2664 tompus
286 2587 359 2648 anni
372 2597 546 2666 appeteret,
568 2606 630 2666 quo
652 2589 717 2666 geri
731 2606 782 2652 res
798 2597 943 2666 possent,
965 2595 1067 2650 castra
1088 2587 1135 2648 hi·

12 2689 133 2708 --Α
149 2672 246 2733 berna
265 2671 323 2734 trio
337 2673 419 2734 milia
433 2690 583 2749 passuum
602 2675 641 2735 ab
660 2671 816 2750 Emporiis
837 2671 951 2750 posuit.
982 2671 1056 2734 inde
1076 2687 1137 2750 per

151 2753 349 2830 occasiones,
371 2773 452 2818 nunc
473 2757 531 2818 hac
551 2765 640 2833 parte
660 2774 741 2819 nunc
762 2757 813 2819 illa
835 2756 957 2820 modico
974 2756 1135 2834 praesidio

150 2837 259 2900 castris
273 2838 380 2900 relicto
396 2841 577 2915 praedatum
591 2839 702 2902 milites
717 2841 748 2902 in
763 2841 899 2904 hostiurn
910 2857 1003 2919 agros
1019 2841 1134 2903 educe-

149 2922 210 2982 bat.
234 2931 325 2984 nocte
340 2923 435 2984 ferme
449 2923 734 3000 proficiscebantur,
750 2933 783 2987 ut
798 2934 829 2988 et
843 2943 936 3003 quam
950 2923 1134 3002 longissime

149 3023 168 3068 a
184 3004 292 3068 castris
304 3008 508 3083 procederent
520 3017 550 3071 et
559 3009 748 3086 inopinantis
761 3010 980 3087 opprimerent.
1001 3016 1032 3072 et
1042 3027 1133 3072 exer-

149 3090 238 3153 cebat
253 3107 291 3152 ea
305 3108 356 3154 res
371 3109 471 3156 novos
486 3093 606 3169 milltes,
622 3101 653 3156 ct
662 3092 798 3156 hostiurn
810 3111 923 3172 magna
934 3093 982 3156 vis
995 3093 1132 3170 excipio

148 3175 252 3238 batur:
268 3192 326 3238 nec
340 3175 401 3239 iam
412 3178 517 3254 egredi
531 3185 619 3240 extra
630 3177 817 3240 munimento
828 3181 1026 3242 castellorum
1036 3180 1132 3241 audc-

147 3261 230 3322 bant.
271 3259 324 3323 ubi
349 3262 424 3324 satis
445 3263 658 3330 admodumet
673 3279 799 3326 suorum
815 3272 846 3325 et
859 3262 995 3326 hostium
1009 3261 1132 3324 animos

149 3353 197 3405 est
211 3353 367 3422 expertus,
384 3346 549 3409 convocari
563 3343 701 3410 tribunos
712 3348 952 3426 praefectosque
966 3354 996 3410 et
1009 3346 1131 3424 equites

148 3442 257 3490 omues
270 3437 300 3491 et
311 3429 506 3496 centuriones
518 3428 618 3494 iussit.
630 3436 793 3508 „tempus‘
804 3429 904 3509 inquit
914 3431 1021 3509 „quod
1033 3447 1132 3516 saepe
