2482 3902
182 195 245 262 122
324 193 441 256 LIBER
454 191 587 254 XXXIII.
611 189 693 252 CAP.
708 197 751 253 46·
763 196 808 253 lt.
826 194 863 264 [ι.
877 195 911 246 U.
924 211 949 248 e.
960 196 1025 262 557]

180 363 308 426 gravem
322 362 394 408 esse
409 342 586 421 superbiam
603 359 725 418 eorum,
743 343 844 418 legem
858 344 1013 419 extemplo
1029 346 1166 420 promul·

177 433 264 510 gavit
279 430 473 506 pertulitque,
488 436 522 490 ut
535 429 567 488 in
581 426 721 502 singulos
735 441 834 488 annos
849 425 969 486 iudices
983 429 1167 504 legerentur,

182 533 243 578 neu
259 515 328 591 quis
342 513 498 576 biennium
511 512 688 574 continuum
698 511 793 572 iudex
804 518 899 572 esset.
922 517 1058 572 ceterum
1070 529 1167 588 quan·

181 610 243 662 ιιιιι
264 615 303 661 eo
318 599 400 659 lacto
421 597 462 658 ad
482 596 604 672 plebem
619 595 728 656 inierat
740 594 884 670 mabam,
904 601 1022 656 tanturn
1036 612 1167 672 magnae

179 683 277 760 partis
292 682 464 758 principum
480 679 652 742 offenderat
664 678 793 740 animos.
823 678 936 740 adiecit
949 687 981 740 et
993 679 1086 754 aliud,
1103 699 1166 756 quo

180 767 264 829 bono
279 765 403 842 publico
419 764 477 826 sibi
493 762 636 841 proprias
651 764 821 824 simultates
835 763 973 824 irritavit.
1004 765 1168 840 vectigalia

179 851 306 928 publica
326 850 438 926 partim
452 848 644 924 neglegentia
658 847 884 922 dilabebantur,
905 847 1017 924 partim
1030 850 1168 924 praedae

177 950 219 1011 ac
234 933 346 994 divisui
361 942 391 994 et
404 931 577 1010 principum
589 931 773 1009 quibusdam
784 939 816 992 et
825 931 1055 1006 magistratibus
1065 941 1166 994 erant:

182 1019 256 1095 quin
271 1025 301 1078 et
314 1019 456 1094 pecunia,
472 1033 551 1093 quae
565 1015 597 1077 in
608 1016 796 1092 stipendium
806 1017 954 1078 Romanis
967 1033 1027 1079 suo
1040 1034 1167 1094 quoque

181 1119 263 1164 anno
275 1101 469 1177 penderetur,
481 1102 594 1172 deerat,
604 1101 810 1176 tributumque
823 1115 917 1176 grave
929 1101 1057 1176 privatis
1069 1102 1166 1162 immi·

178 1203 255 1249 nere
280 1185 452 1248 videbatur.
485 1185 604 1246 XLVII.
634 1185 785 1246 Hannibal
807 1192 974 1260 postquam
993 1187 1166 1262 vectigalia,

182 1279 298 1348 quanta
315 1271 472 1332 terrestria
494 1267 706 1345 maritimaque
725 1277 832 1330 essent
845 1278 876 1330 et
889 1270 920 1328 in
936 1287 1014 1346 quas
1029 1287 1080 1330 res
1095 1287 1166 1332 ero-

179 1362 334 1432 garentur,
350 1354 571 1426 animadvertit,
591 1360 622 1414 et
636 1354 711 1430 quid
725 1369 831 1414 eorum
846 1353 992 1414 ordinarii
1006 1355 1051 1416 rei
1065 1355 1167 1430 publi-

180 1457 237 1500 eae
265 1455 343 1501 usus
372 1445 602 1511 consumerent,
638 1445 784 1514 quantum
812 1439 973 1513 peculatus
1003 1448 1166 1514 averteret,

182 1525 324 1586 omnibus
348 1522 482 1584 residuis
507 1521 647 1598 pecuniis
670 1521 803 1596 exactis,
830 1521 942 1582 tributo
964 1523 1093 1598 privatis
1117 1539 1166 1582 re

180 1609 293 1681 misso,
318 1607 395 1668 satis
418 1607 603 1682 locupletem
622 1621 688 1666 rem
709 1605 864 1682 publicam
884 1607 951 1667 lore
971 1607 1012 1666 ad
1031 1607 1166 1682 vectigal

178 1691 402 1768 praestandum
415 1691 561 1753 Romanis
582 1690 790 1766 pronuntiavit
806 1691 837 1750 in
853 1691 1010 1763 contione,
1031 1700 1062 1753 et
1074 1707 1167 1766 prae·

181 1775 255 1837 stitit
274 1776 470 1852 promissum.
504 1783 569 1837 tum
587 1789 662 1836 vero
681 1773 703 1835 ii
725 1791 805 1850 quos
828 1783 955 1850 paverat
974 1791 1030 1850 per
1047 1775 1169 1851 aliquot

180 1876 280 1922 annos
301 1860 441 1936 publicus
462 1861 622 1937 peculatus
636 1861 720 1921 velut
733 1859 823 1920 bonis
839 1861 967 1935 ereptis,
990 1876 1052 1922 non
1067 1861 1166 1920 lurto·

178 1961 249 2006 rum
268 1944 420 2006 manubiis
441 1945 567 2006 extortis
589 1944 701 2004 infensi
721 1952 752 2004 et
770 1943 838 2004 irati
857 1943 1014 2006 Romanos
1034 1943 1065 2004 in
1079 1945 1164 2004 Han-

180 2029 321 2104 nibalem,
337 2037 367 2089 et
380 2029 468 2102 ipsos
484 2043 611 2089 causam
625 2027 687 2086 odii
703 2027 886 2104 quaerentis,
901 2029 1097 2104 instigabant.
1120 2029 1165 2090 ita

179 2113 234 2174 diu
248 2115 439 2186 repugnante
449 2111 482 2171 P.
495 2110 640 2184 Scipione
649 2112 806 2187 Africano,
822 2111 875 2187 qui
889 2127 997 2188 parum
1011 2127 1051 2172 cx
1065 2113 1167 2189 digni·

124 2257 128 2263 ,
182 2202 242 2256 tate
263 2195 371 2270 populi
385 2193 516 2256 Romani
530 2209 602 2256 esse
617 2195 749 2256 ducebat
762 2195 960 2258 subscribere
975 2196 1056 2258 odiis
1070 2213 1167 2258 accu-

178 2286 319 2339 satorum
339 2277 532 2352 Hannibale,
553 2286 583 2338 et
603 2278 786 2342 lectionibus
808 2279 1104 2356 Carthaginiensium
1117 2281 1167 2340 in-

181 2377 286 2422 serere
296 2361 449 2439 publicam
457 2361 676 2435 auctoritatem,
684 2379 742 2424 neo
752 2364 828 2424 satis
839 2363 1040 2426 haberebello
1047 2365 1168 2426 vicisse

177 2446 402 2520 Hannibalern,
421 2445 481 2508 nisi
504 2447 589 2508 velut
613 2454 811 2508 accusatores
837 2449 1021 2510 calumniam
1039 2449 1071 2510 in
1093 2465 1169 2510 euru

176 2529 315 2594 iurarent
329 2547 366 2593 ae
377 2547 489 2594 nomen
502 2531 663 2604 deterrent,
677 2531 800 2592 tandem
810 2533 1013 2608 pervicerunt,
1025 2540 1059 2593 ut
1071 2534 1169 2608 legati

179 2615 392 2692 Carthaginem
402 2615 598 2690 mitterentur,
615 2615 667 2692 qui
678 2616 719 2676 ad
730 2625 870 2678 senatum
882 2632 989 2678 eorum
999 2626 1169 2692 arguerent

178 2699 379 2760 Hannibalem
391 2700 619 2765 cunrnndoaho
630 2701 919 2774 regeeonsiliabclli
931 2699 1064 2762 faciendi
1075 2700 1167 2762 inire.

178 2783 270 2856 legati
288 2791 351 2844 tres
371 2784 474 2856 missi,
496 2784 547 2847 Cn.
565 2783 713 2844 Servilius
729 2783 771 2844 Μ.
788 2784 932 2846 claudius
946 2785 1113 2846 Marcellus
1129 2785 1166 2860 Q.

178 2864 337 2926 Terentius
350 2865 463 2928 Culleo.
487 2868 619 2942 quicum
632 2867 844 2943 Carthagirtem
854 2870 1023 2943 venissent,
1036 2885 1078 2930 ex
1089 2886 1164 2930 con-

175 2947 248 3008 ·silio
269 2946 460 3011 inimieorum
474 2950 651 3012 Hannibalis
668 2952 887 3027 quaerentibus
902 2969 1031 3015 causam
1045 2953 1166 3014 adven-

174 3041 227 3092 tus
243 3031 303 3093 dici
317 3031 474 3095 iusserunt
488 3036 613 3096 venisse
627 3051 663 3096 se
677 3037 718 3096 ad
732 3036 977 3112 conuoversias,
996 3053 1078 3114 quae
1093 3053 1167 3100 cum

174 3115 344 3178 Masinissa
354 3131 428 3192 rege
437 3117 634 3180 Numidarum
646 3119 946 3202 carthaginiensibus
957 3129 1072 3196 essent,
1089 3121 1166 3182 diri-

173 3202 314 3263 mendas.
336 3201 369 3262 id
384 3199 532 3262 creditum
547 3204 651 3278 vulgo.
672 3219 768 3265 unum
778 3205 978 3266 Hannibalem
993 3221 1029 3266 se
1043 3206 1108 3282 peti
1124 3206 1165 3266 ab

176 3284 324 3346 Romanis
350 3300 413 3346 non
437 3286 574 3358 fallebat,
605 3293 635 3346 et
658 3287 699 3348 ita
723 3304 833 3363 pacem
857 3287 1165 3364 Carthaginiensibus

177 3369 279 3430 datam
293 3385 379 3443 esse,
395 3378 429 3432 ut
442 3369 628 3446 inexpiabile
641 3371 754 3433 bellum
769 3373 921 3442 a‘dversus
936 3388 972 3434 se
985 3389 1084 3436 unum
1097 3389 1164 3434 ma·

125 3521 126 3524 ¹
177 3460 270 3512 neret
298 3454 402 3530 itaque
416 3453 528 3514 cedere
542 3455 672 3531 tempori
687 3462 717 3516 et
730 3457 870 3519 fortunae
884 3457 1003 3533 statuit,
1024 3473 1056 3520 et
1067 3473 1164 3536 prae-
