2482 3900
184 207 227 271 50
338 207 453 266 LIBER
463 205 582 266 llxxll.
606 205 803 267 caesor.
826 207 1010 285 [apsaro]

185 360 327 422 abscisae
338 373 432 433 rupes
445 365 539 431 erant,
547 357 637 420 statio
650 372 819 433 paucorum
831 364 1014 418 armatorum
1025 357 1167 430 tenebam

187 461 249 520 qua
262 443 361 502 minus
375 449 440 502 tuta
454 448 556 514 erunt,
571 443 630 502 alia
644 443 755 514 fossis,
777 441 838 502 alia
853 441 941 513 vallo,
959 442 1019 500 alie
1032 443 1169 504 turribus

184 527 348 588 muniebat.
385 541 496 599 magna
515 533 732 587 tormentorum
753 525 841 584 etiam
861 524 924 596 vis,
946 531 979 584 ut
998 525 1168 586 missilibus

184 611 295 686 procul
311 617 450 669 arcerent
463 609 593 682 hostem,
608 609 728 670 idoneis
743 608 820 669 iocis
832 609 984 684 disposita
994 616 1051 670 est.
1066 610 1167 670 taber-

184 696 328 756 naculum
341 694 460 767 regium
474 709 530 768 pro
545 695 642 766 vallo,
665 695 695 754 in
711 701 879 768 conspecto
895 693 1025 752 maxime
1040 695 1168 767 tumulo,

185 785 219 839 ut
241 786 388 838 terrorem
414 777 555 837 hostibus
580 779 709 853 suisque
734 793 822 852 spem
844 793 884 836 ex
904 777 1017 836 fiducia
1043 779 1167 852 laceret,

185 863 330 937 positum.

264 946 315 1006 v1.
339 945 451 1007 Consul
477 962 532 1020 per
554 944 728 1019 Charopum
748 943 893 1019 Epiroten
921 946 1033 1006 certior
1057 947 1167 1019 lactus,

185 1046 266 1105 quos
292 1032 388 1090 saltus
409 1045 477 1089 cum
499 1031 635 1089 exercitu
656 1029 823 1088 insedisset
845 1043 916 1102 rex,
941 1037 971 1089 et
990 1030 1074 1104 ipse,
1098 1046 1167 1090 cum

185 1115 339 1191 Corcyrae
350 1113 550 1187 hibernasset,
558 1128 632 1172 vere
643 1114 740 1188 primo
753 1112 782 1172 in
796 1113 999 1174 continentem
1010 1120 1166 1174 travectus

184 1198 224 1258 ad
245 1197 366 1258 hostem
388 1198 502 1258 ducere
522 1198 629 1273 pergit.
664 1197 799 1272 quinque
814 1196 895 1256 milla
909 1197 1004 1256 lenna
1018 1197 1057 1256 ab
1072 1197 1167 1272 regiis

185 1282 294 1342 castris
310 1297 379 1342 cum
395 1283 533 1354 abesset,
554 1283 623 1344 loco
638 1281 752 1341 munito
768 1281 881 1340 relictis
896 1279 1077 1354 legionibus
1093 1281 1164 1361 ipse

185 1383 254 1426 cum
280 1366 432 1440 expeditis
452 1379 638 1440 progressus
659 1365 699 1424 ad
720 1365 909 1439 speculanda
929 1366 1012 1438 loca,
1038 1373 1166 1440 postero

184 1449 234 1509 die
254 1449 413 1510 consilium
434 1448 554 1522 habuit,
577 1456 677 1510 utnun
700 1464 755 1524 per
774 1450 929 1508 insessum
947 1448 988 1508 ab
1001 1449 1088 1509 hoste
1101 1451 1166 1508 sal·

183 1541 255 1607 turn,
273 1549 458 1608 quamquam
472 1533 559 1594 labor
570 1533 678 1606 ingens
690 1533 920 1608 periculumque
932 1539 1166 1608 proponeretur,

182 1618 340 1678 transitum
360 1623 536 1692 temptaret,
558 1633 596 1676 an
618 1617 727 1676 eodem
744 1616 864 1689 itinere,
887 1633 949 1692 quo
966 1618 1069 1692 priore
1084 1633 1166 1676 auno

184 1699 337 1775 Sulpicius
351 1699 564 1762 Macedoniam
585 1701 762 1773 intraverat,
785 1701 1025 1762 circumduceret
1045 1701 1165 1776 copias.
1230 1705 1231 1716 ¹

183 1783 243 1844 hoc
259 1784 418 1844 consilium
434 1799 490 1860 per
507 1787 618 1846 mullos
635 1785 701 1844 dies
716 1785 840 1858 agitanti
854 1785 882 1844 ei
898 1785 1021 1846 nuntius
1035 1785 1120 1844 venit
1132 1785 1165 1843 T.

184 1866 355 1940 Quinctium
376 1871 534 1929 consulem
555 1870 665 1928 lactum
682 1867 885 1944 sortitumque
896 1869 1087 1944 provinciam
1100 1869 1165 1928 Ma-

183 1951 343 2012 cedoniam
357 1959 506 2014 maturato
523 1953 629 2012 itinere
639 1952 699 2011 iam
712 1952 877 2031 Corcyram
888 1953 1056 2014 traiecisse.
1072 1955 1164 2012 Vale·

181 2035 246 2095 rius
262 2035 371 2096 Antias
392 2035 523 2096 intrasse
545 2037 652 2096 saltum
666 2037 791 2096 Villium
805 2035 911 2111 tradit,
934 2038 1007 2113 quia
1019 2044 1104 2097 recto
1120 2037 1165 2096 iti·

182 2135 256 2178 nere
270 2120 422 2195 nequierit
436 2120 577 2180 omnibus
593 2119 631 2179 ab
646 2133 720 2194 rege
734 2120 879 2193 insessis,
901 2128 1041 2182 secutum
1054 2122 1167 2180 vallem
1229 2159 1230 2200 ,

181 2219 238 2279 per
253 2219 345 2280 quam
359 2203 492 2264 mediam
506 2205 600 2264 lertm
611 2203 699 2264 Aous
715 2204 829 2274 amnis;
851 2211 946 2279 ponte
960 2205 1071 2280 raptim
1083 2207 1167 2265 lacto

180 2289 211 2347 in
232 2289 347 2364 ripum,
368 2288 399 2346 in
423 2303 485 2362 qua
505 2294 591 2348 erant
611 2293 711 2347 castra
730 2288 831 2362 regia,
851 2295 1080 2364 transgressum
1099 2289 1168 2350 acie

182 2372 379 2443 conflixisse3
402 2373 505 2434 iusum
528 2373 726 2447 fugatumque
746 2387 866 2446 regem,
889 2375 998 2434 castris
1021 2381 1167 2442 exutum,

182 2458 346 2520 duodecim
360 2456 443 2516 milia
456 2455 590 2517 hostium
605 2471 642 2517 eo
658 2455 776 2531 proelio
790 2471 891 2528 caesa,
907 2465 998 2533 capta
1008 2457 1071 2518 duo
1083 2457 1169 2518 milia

181 2550 211 2602 et
226 2544 387 2615 ducentos
403 2549 433 2602 et
445 2541 534 2616 signa
547 2539 688 2602 militaria
701 2547 822 2602 centum
835 2540 957 2615 triginta
971 2543 1048 2614 duo,
1064 2557 1168 2617 equos

181 2627 331 2688 ducentos
347 2626 486 2701 trigintm
510 2625 619 2686 aedem
633 2625 724 2686 etiam
737 2625 803 2686 lovi
817 2624 848 2683 in
863 2639 901 2688 eo
918 2624 1037 2701 proelio
1050 2634 1167 2697 votam,

181 2709 208 2768 si
223 2725 273 2768 res
288 2709 438 2785 prospere
450 2717 539 2784 gesta
550 2718 643 2770 esset.
665 2709 757 2770 ceteri
770 2709 878 2778 Graeci
888 2708 1049 2785 Latinique
1060 2716 1168 2770 aucto·

180 2806 240 2864 res,
257 2808 389 2865 quorum
406 2794 530 2866 quidem
544 2807 603 2867 ego
619 2793 679 2867 legi
693 2795 828 2867 annales,
844 2793 918 2852 nihil
932 2794 1133 2856 memorabile
1149 2811 1169 2853 a

180 2874 273 2932 Villio
299 2882 397 2934 actum
419 2876 632 2951 integrumque
653 2877 765 2936 bellum
780 2877 990 2953 insequentem
1004 2879 1168 2940 consulem

173 2957 212 3014 ·Τ.
229 2957 399 3029 Quinctium
413 2959 577 3036 accepisse
589 2960 720 3021 tradunt.
1227 2981 1228 2992 ¹

264 3041 330 3103 Vll.
354 3043 433 3104 Dum
447 3043 525 3104 hacc
542 3044 573 3102 in
587 3043 769 3106 Macedonio
782 3053 943 3122 geruntur,
965 3047 1075 3107 consul
1089 3047 1168 3107 alter
1227 3047 1228 3094 t

179 3126 212 3205 L.
233 3125 394 3200 Lentulus,
416 3127 468 3202 qui
488 3128 604 3188 Romae
625 3129 816 3204 substiterat,
839 3131 960 3192 comitia
980 3131 1167 3191 censoribus

180 3211 321 3270 creandis
336 3210 452 3272 habuit.
480 3213 582 3274 multis
597 3213 688 3274 claris
703 3215 877 3290 petentibus
891 3215 964 3276 viris
980 3215 1077 3276 creati·
1089 3231 1164 3276 cen·

180 3309 269 3356 sores
289 3293 321 3354 P.
339 3295 498 3358 Cornelius
514 3295 619 3372 Scipio
634 3299 798 3360 Africanus
822 3305 852 3358 et
870 3298 901 3358 P.
917 3298 1023 3359 Aelius
1038 3298 1164 3360 Paetus.
1226 3357 1227 3362 ,

178 3377 199 3436 ii
213 3393 325 3453 magna
345 3381 422 3440 inter
442 3395 477 3441 se
499 3382 666 3442 concordia
686 3391 716 3443 et
735 3391 873 3447 senatum
894 3383 961 3443 sine
980 3383 1074 3443 ullius
1090 3391 1165 3446 nota
1226 3385 1227 3414 ³

177 3460 325 3537 legerunt,
342 3472 372 3524 et
385 3465 523 3540 portoria
535 3465 718 3526 venalicium
734 3466 858 3541 Capuae
867 3465 1075 3542 Puteolisque,
1092 3468 1164 3528 item
