<?xml version="1.0" encoding="UTF-8"?>
<!DOCTYPE html PUBLIC "-//W3C//DTD XHTML 1.0 Transitional//EN"
    "http://www.w3.org/TR/xhtml1/DTD/xhtml1-transitional.dtd">
<html xmlns="http://www.w3.org/1999/xhtml" xml:lang="en" lang="en">
 <head>
  <title>
</title>
<meta http-equiv="Content-Type" content="text/html;charset=utf-8" />
  <meta name='ocr-system' content='tesseract 3.04.00' />
  <meta name='ocr-capabilities' content='ocr_page ocr_carea ocr_par ocr_line ocrx_word'/>
</head>
<body>
  <div class='ocr_page' id='page_1' title='image "./titiliviaburbec08livygoog_0369.png"; bbox 0 0 2506 3898; ppageno 0'>
   <div class='ocr_carea' id='block_1_1' title="bbox 188 169 1041 250">
    <p class='ocr_par' dir='ltr' id='par_1_1' title="bbox 188 169 1041 250">
     <span class='ocr_line' id='line_1_1' title="bbox 188 169 1041 250; baseline -0.019 -12"><span class='ocrx_word' id='word_1_1' title='bbox 188 171 252 238; x_wconf 78' lang='lat'><strong>³40</strong></span> <span class='ocrx_word' id='word_1_2' title='bbox 313 171 429 233; x_wconf 76' lang='lat' dir='ltr'><strong>trena</strong></span> <span class='ocrx_word' id='word_1_3' title='bbox 444 169 710 250; x_wconf 67' lang='lat' dir='ltr'><strong>muntem.</strong></span> <span class='ocrx_word' id='word_1_4' title='bbox 725 175 822 230; x_wconf 67' lang='lat' dir='ltr'><strong>met.</strong></span> <span class='ocrx_word' id='word_1_5' title='bbox 845 174 881 241; x_wconf 81' lang='lat' dir='ltr'><strong>p.</strong></span> <span class='ocrx_word' id='word_1_6' title='bbox 895 173 928 226; x_wconf 86' lang='lat' dir='ltr'><strong>c.</strong></span> <span class='ocrx_word' id='word_1_7' title='bbox 941 175 1041 240; x_wconf 68' lang='lat' dir='ltr'><strong>acm]</strong></span> 
     </span>
    </p>
   </div>
   <div class='ocr_carea' id='block_1_2' title="bbox 191 319 1165 400">
    <p class='ocr_par' dir='ltr' id='par_1_2' title="bbox 191 319 1165 400">
     <span class='ocr_line' id='line_1_2' title="bbox 191 319 1165 400; baseline -0.008 -13"><span class='ocrx_word' id='word_1_8' title='bbox 191 323 392 400; x_wconf 76' lang='lat' dir='ltr'><strong>quadraginta</strong></span> <span class='ocrx_word' id='word_1_9' title='bbox 405 321 487 382; x_wconf 86' lang='lat' dir='ltr'><strong>milia</strong></span> <span class='ocrx_word' id='word_1_10' title='bbox 497 320 652 382; x_wconf 86' lang='lat' dir='ltr'><strong>hominum</strong></span> <span class='ocrx_word' id='word_1_11' title='bbox 662 325 770 380; x_wconf 79' lang='lat' dir='ltr'>auctor</span> <span class='ocrx_word' id='word_1_12' title='bbox 780 325 828 378; x_wconf 89' lang='lat' dir='ltr'><strong>est</strong></span> <span class='ocrx_word' id='word_1_13' title='bbox 838 332 940 390; x_wconf 77' lang='lat' dir='ltr'><strong>caesa,</strong></span> <span class='ocrx_word' id='word_1_14' title='bbox 950 319 1095 382; x_wconf 87' lang='lat' dir='ltr'><strong>Valerius</strong></span> <span class='ocrx_word' id='word_1_15' title='bbox 1108 321 1165 380; x_wconf 73' lang='lat' dir='ltr'><strong>An-</strong></span> 
     </span>
    </p>
   </div>
   <div class='ocr_carea' id='block_1_3' title="bbox 189 402 1171 1236">
    <p class='ocr_par' dir='ltr' id='par_1_3' title="bbox 189 402 1171 1236">
     <span class='ocr_line' id='line_1_3' title="bbox 191 402 1166 482; baseline -0.007 -13"><span class='ocrx_word' id='word_1_16' title='bbox 191 407 258 482; x_wconf 82' lang='lat' dir='ltr'><strong>tioc,</strong></span> <span class='ocrx_word' id='word_1_17' title='bbox 274 407 327 482; x_wconf 82' lang='lat' dir='ltr'><strong>qui</strong></span> <span class='ocrx_word' id='word_1_18' title='bbox 341 406 438 482; x_wconf 70' lang='lat' dir='ltr'><strong>nugis</strong></span> <span class='ocrx_word' id='word_1_19' title='bbox 453 402 677 466; x_wconf 75' lang='lat' dir='ltr'><strong>inmodicum</strong></span> <span class='ocrx_word' id='word_1_20' title='bbox 692 416 819 464; x_wconf 82' lang='lat' dir='ltr'><strong>numero</strong></span> <span class='ocrx_word' id='word_1_21' title='bbox 833 403 975 476; x_wconf 71' lang='lat' dir='ltr'><strong>ruscum</strong></span> <span class='ocrx_word' id='word_1_22' title='bbox 993 417 1068 466; x_wconf 79' lang='lat' dir='ltr'><strong>esse</strong></span> <span class='ocrx_word' id='word_1_23' title='bbox 1078 405 1166 475; x_wconf 77' lang='lat' dir='ltr'><strong>solet</strong></span> 
     </span>
     <span class='ocr_line' id='line_1_4' title="bbox 190 485 1168 568; baseline -0.002 -18"><span class='ocrx_word' id='word_1_24' title='bbox 190 505 251 552; x_wconf 89' lang='lat' dir='ltr'><strong>non</strong></span> <span class='ocrx_word' id='word_1_25' title='bbox 271 493 343 568; x_wconf 77' lang='lat' dir='ltr'><strong>plue</strong></span> <span class='ocrx_word' id='word_1_26' title='bbox 361 489 470 550; x_wconf 81' lang='lat' dir='ltr'><strong>decem</strong></span> <span class='ocrx_word' id='word_1_27' title='bbox 489 487 580 550; x_wconf 84' lang='lat' dir='ltr'><strong>mitio.</strong></span> <span class='ocrx_word' id='word_1_28' title='bbox 612 501 757 548; x_wconf 82' lang='lat' dir='ltr'><strong>numerus</strong></span> <span class='ocrx_word' id='word_1_29' title='bbox 772 485 963 562; x_wconf 85' lang='lat' dir='ltr'><strong>captivorum</strong></span> <span class='ocrx_word' id='word_1_30' title='bbox 976 485 1063 548; x_wconf 79' lang='lat' dir='ltr'><strong>haud</strong></span> <span class='ocrx_word' id='word_1_31' title='bbox 1077 486 1168 548; x_wconf 84' lang='lat' dir='ltr'><strong>dubie</strong></span> 
     </span>
     <span class='ocr_line' id='line_1_5' title="bbox 190 569 1168 649; baseline 0 -15"><span class='ocrx_word' id='word_1_32' title='bbox 190 574 272 634; x_wconf 70' lang='lat' dir='ltr'><strong>inita</strong></span> <span class='ocrx_word' id='word_1_33' title='bbox 286 573 487 649; x_wconf 76' lang='lat' dir='ltr'><strong>quadraginta</strong></span> <span class='ocrx_word' id='word_1_34' title='bbox 499 570 643 647; x_wconf 80' lang='lat' dir='ltr'><strong>expiauit,</strong></span> <span class='ocrx_word' id='word_1_35' title='bbox 659 570 732 646; x_wconf 86' lang='lat' dir='ltr'><strong>quia</strong></span> <span class='ocrx_word' id='word_1_36' title='bbox 746 569 846 630; x_wconf 82' lang='lat' dir='ltr'><strong>omnic</strong></span> <span class='ocrx_word' id='word_1_37' title='bbox 856 570 983 644; x_wconf 65' lang='lat' dir='ltr'><strong>senone</strong></span> <span class='ocrx_word' id='word_1_38' title='bbox 997 572 1168 648; x_wconf 74' lang='lat' dir='ltr'><strong>cautisque</strong></span> 
     </span>
     <span class='ocr_line' id='line_1_6' title="bbox 190 653 1168 730; baseline -0.003 -12"><span class='ocrx_word' id='word_1_39' title='bbox 190 658 309 720; x_wconf 73' lang='lat' dir='ltr'><strong>turinum</strong></span> <span class='ocrx_word' id='word_1_40' title='bbox 333 671 439 718; x_wconf 85' lang='lat' dir='ltr'><strong>secum</strong></span> <span class='ocrx_word' id='word_1_41' title='bbox 458 660 628 729; x_wconf 80' lang='lat' dir='ltr'><strong>uaxemnt,</strong></span> <span class='ocrx_word' id='word_1_42' title='bbox 652 653 885 728; x_wconf 76' lang='lat' dir='ltr'><strong>demigrantium</strong></span> <span class='ocrx_word' id='word_1_43' title='bbox 905 653 1003 729; x_wconf 70' lang='lat' dir='ltr'><strong>magis</strong></span> <span class='ocrx_word' id='word_1_44' title='bbox 1025 671 1121 730; x_wconf 83' lang='lat' dir='ltr'><strong>quum</strong></span> <span class='ocrx_word' id='word_1_45' title='bbox 1140 657 1168 715; x_wconf 89' lang='lat' dir='ltr'><strong>in</strong></span> 
     </span>
     <span class='ocr_line' id='line_1_7' title="bbox 189 737 1169 804; baseline -0.003 -1"><span class='ocrx_word' id='word_1_46' title='bbox 189 741 302 803; x_wconf 81' lang='lat' dir='ltr'><strong>beilum</strong></span> <span class='ocrx_word' id='word_1_47' title='bbox 316 739 450 802; x_wconf 86' lang='lat' dir='ltr'><strong>euntium</strong></span> <span class='ocrx_word' id='word_1_48' title='bbox 464 739 567 804; x_wconf 81' lang='lat' dir='ltr'><strong>motio.</strong></span> <span class='ocrx_word' id='word_1_49' title='bbox 589 737 699 800; x_wconf 80' lang='lat' dir='ltr'><strong>conoul</strong></span> <span class='ocrx_word' id='word_1_50' title='bbox 715 737 808 800; x_wconf 87' lang='lat' dir='ltr'><strong>armia</strong></span> <span class='ocrx_word' id='word_1_51' title='bbox 823 737 957 800; x_wconf 76' lang='lat' dir='ltr'><strong>noctium</strong></span> <span class='ocrx_word' id='word_1_52' title='bbox 970 737 1002 798; x_wconf 92' lang='lat' dir='ltr'><strong>in</strong></span> <span class='ocrx_word' id='word_1_53' title='bbox 1017 755 1081 800; x_wconf 85' lang='lat' dir='ltr'><strong>uao</strong></span> <span class='ocrx_word' id='word_1_54' title='bbox 1097 753 1169 800; x_wconf 87' lang='lat' dir='ltr'><strong>cou-</strong></span> 
     </span>
     <span class='ocr_line' id='line_1_8' title="bbox 191 821 1169 898; baseline 0.002 -12"><span class='ocrx_word' id='word_1_55' title='bbox 191 824 331 886; x_wconf 76' lang='lat' dir='ltr'><strong>crematis</strong></span> <span class='ocrx_word' id='word_1_56' title='bbox 350 823 473 886; x_wconf 85' lang='lat' dir='ltr'><strong>cumulo</strong></span> <span class='ocrx_word' id='word_1_57' title='bbox 495 829 627 886; x_wconf 87' lang='lat' dir='ltr'><strong>ceteram</strong></span> <span class='ocrx_word' id='word_1_58' title='bbox 641 822 788 898; x_wconf 74' lang='lat' dir='ltr'><strong>praedam</strong></span> <span class='ocrx_word' id='word_1_59' title='bbox 803 822 942 886; x_wconf 70' lang='lat' dir='ltr'><strong>comme</strong></span> <span class='ocrx_word' id='word_1_60' title='bbox 955 821 1058 886; x_wconf 74' lang='lat' dir='ltr'><strong>omnis</strong></span> <span class='ocrx_word' id='word_1_61' title='bbox 1073 823 1169 898; x_wconf 81' lang='lat' dir='ltr'><strong>iussit,</strong></span> 
     </span>
     <span class='ocr_line' id='line_1_9' title="bbox 190 905 1169 983; baseline 0 -15"><span class='ocrx_word' id='word_1_62' title='bbox 190 917 221 970; x_wconf 88' lang='lat' dir='ltr'><strong>ot</strong></span> <span class='ocrx_word' id='word_1_63' title='bbox 233 915 286 970; x_wconf 83' lang='lat' dir='ltr'><strong>eut</strong></span> <span class='ocrx_word' id='word_1_64' title='bbox 304 907 442 970; x_wconf 74' lang='lat' dir='ltr'><strong>uendidit</strong></span> <span class='ocrx_word' id='word_1_65' title='bbox 461 907 546 983; x_wconf 87' lang='lat' dir='ltr'><strong>quod</strong></span> <span class='ocrx_word' id='word_1_66' title='bbox 564 906 632 968; x_wconf 70' lang='lat' dir='ltr'><strong>mm</strong></span> <span class='ocrx_word' id='word_1_67' title='bbox 652 906 683 966; x_wconf 92' lang='lat' dir='ltr'><strong>in</strong></span> <span class='ocrx_word' id='word_1_68' title='bbox 704 905 859 980; x_wconf 81' lang='lat' dir='ltr'><strong>pubiicum</strong></span> <span class='ocrx_word' id='word_1_69' title='bbox 878 905 1081 982; x_wconf 75' lang='lat' dir='ltr'><strong>redigendum</strong></span> <span class='ocrx_word' id='word_1_70' title='bbox 1096 915 1169 979; x_wconf 86' lang='lat' dir='ltr'><strong>erat,</strong></span> 
     </span>
     <span class='ocr_line' id='line_1_10' title="bbox 189 988 1170 1067; baseline 0 -16"><span class='ocrx_word' id='word_1_71' title='bbox 189 999 241 1052; x_wconf 86' lang='lat' dir='ltr'><strong>aut</strong></span> <span class='ocrx_word' id='word_1_72' title='bbox 255 1008 324 1052; x_wconf 85' lang='lat' dir='ltr'><strong>curn</strong></span> <span class='ocrx_word' id='word_1_73' title='bbox 340 1007 422 1064; x_wconf 86' lang='lat' dir='ltr'><strong>curo,</strong></span> <span class='ocrx_word' id='word_1_74' title='bbox 437 1000 575 1067; x_wconf 72' lang='lat' dir='ltr'><strong>utquam</strong></span> <span class='ocrx_word' id='word_1_75' title='bbox 589 989 884 1066; x_wconf 77' lang='lat' dir='ltr'><strong>aequissimacssat,</strong></span> <span class='ocrx_word' id='word_1_76' title='bbox 900 1004 956 1063; x_wconf 86' lang='lat' dir='ltr'><strong>per</strong></span> <span class='ocrx_word' id='word_1_77' title='bbox 968 988 1080 1054; x_wconf 76' lang='lat' dir='ltr'><strong>milites</strong></span> <span class='ocrx_word' id='word_1_78' title='bbox 1095 991 1170 1052; x_wconf 86' lang='lat' dir='ltr'><strong>divi·</strong></span> 
     </span>
     <span class='ocr_line' id='line_1_11' title="bbox 190 1073 1171 1152; baseline -0.001 -17"><span class='ocrx_word' id='word_1_79' title='bbox 190 1076 238 1138; x_wconf 82' lang='lat' dir='ltr'><strong>oit.</strong></span> <span class='ocrx_word' id='word_1_80' title='bbox 261 1075 375 1138; x_wconf 75' lang='lat' dir='ltr'><strong>tenuati</strong></span> <span class='ocrx_word' id='word_1_81' title='bbox 396 1089 522 1152; x_wconf 77' lang='lat' dir='ltr'><strong>quoquc</strong></span> <span class='ocrx_word' id='word_1_82' title='bbox 542 1090 599 1150; x_wconf 90' lang='lat' dir='ltr'><strong>pro</strong></span> <span class='ocrx_word' id='word_1_83' title='bbox 618 1074 760 1138; x_wconf 64' lang='lat' dir='ltr'><strong>emtione</strong></span> <span class='ocrx_word' id='word_1_84' title='bbox 775 1081 982 1148; x_wconf 75' lang='lat' dir='ltr'><strong>amnuerunt,</strong></span> <span class='ocrx_word' id='word_1_85' title='bbox 1001 1073 1171 1151; x_wconf 81' lang='lat' dir='ltr'><strong>donatique</strong></span> 
     </span>
     <span class='ocr_line' id='line_1_12' title="bbox 189 1158 1170 1236; baseline -0.001 -15"><span class='ocrx_word' id='word_1_86' title='bbox 189 1175 247 1236; x_wconf 85' lang='lat' dir='ltr'><strong>pro</strong></span> <span class='ocrx_word' id='word_1_87' title='bbox 267 1161 374 1221; x_wconf 82' lang='lat' dir='ltr'><strong>merito</strong></span> <span class='ocrx_word' id='word_1_88' title='bbox 396 1159 542 1236; x_wconf 84' lang='lat' dir='ltr'><strong>quisque,</strong></span> <span class='ocrx_word' id='word_1_89' title='bbox 562 1166 633 1220; x_wconf 86' lang='lat' dir='ltr'><strong>anto</strong></span> <span class='ocrx_word' id='word_1_90' title='bbox 653 1158 752 1220; x_wconf 85' lang='lat' dir='ltr'><strong>omnis</strong></span> <span class='ocrx_word' id='word_1_91' title='bbox 766 1159 886 1220; x_wconf 81' lang='lat' dir='ltr'><strong>Attalus</strong></span> <span class='ocrx_word' id='word_1_92' title='bbox 908 1173 1028 1218; x_wconf 83' lang='lat' dir='ltr'><strong>summo</strong></span> <span class='ocrx_word' id='word_1_93' title='bbox 1051 1166 1170 1223; x_wconf 83' lang='lat' dir='ltr'><strong>cetero·</strong></span> 
     </span>
    </p>
   </div>
   <div class='ocr_carea' id='block_1_4' title="bbox 63 1241 1171 1317">
    <p class='ocr_par' dir='ltr' id='par_1_4' title="bbox 63 1241 1171 1317">
     <span class='ocr_line' id='line_1_13' title="bbox 63 1241 1171 1317; baseline 0.002 -15"><span class='ocrx_word' id='word_1_94' title='bbox 63 1283 66 1288; x_wconf 90' lang='lat'>-</span> <span class='ocrx_word' id='word_1_95' title='bbox 188 1260 257 1306; x_wconf 89' lang='lat' dir='ltr'><strong>rum</strong></span> <span class='ocrx_word' id='word_1_96' title='bbox 275 1244 427 1306; x_wconf 70' lang='lat' dir='ltr'><strong>odouacro</strong></span> <span class='ocrx_word' id='word_1_97' title='bbox 449 1260 519 1304; x_wconf 85' lang='lat' dir='ltr'><strong>nam</strong></span> <span class='ocrx_word' id='word_1_98' title='bbox 539 1241 702 1317; x_wconf 74' lang='lat' dir='ltr'><strong>singularis</strong></span> <span class='ocrx_word' id='word_1_99' title='bbox 721 1243 789 1304; x_wconf 85' lang='lat' dir='ltr'><strong>atus</strong></span> <span class='ocrx_word' id='word_1_100' title='bbox 809 1241 929 1302; x_wconf 81' lang='lat' dir='ltr'><strong>iuuenis</strong></span> <span class='ocrx_word' id='word_1_101' title='bbox 943 1257 1013 1304; x_wconf 80' lang='lat' dir='ltr'><strong>urm</strong></span> <span class='ocrx_word' id='word_1_102' title='bbox 1027 1242 1128 1304; x_wconf 79' lang='lat' dir='ltr'><strong>virtus</strong></span> <span class='ocrx_word' id='word_1_103' title='bbox 1142 1251 1171 1304; x_wconf 88' lang='lat' dir='ltr'><strong>et</strong></span> 
     </span>
    </p>
   </div>
   <div class='ocr_carea' id='block_1_5' title="bbox 185 1324 1170 3496">
    <p class='ocr_par' dir='ltr' id='par_1_5' title="bbox 189 1324 1170 1472">
     <span class='ocr_line' id='line_1_14' title="bbox 189 1324 1170 1401; baseline 0 -15"><span class='ocrx_word' id='word_1_104' title='bbox 189 1327 341 1388; x_wconf 82' lang='lat' dir='ltr'><strong>industrio</strong></span> <span class='ocrx_word' id='word_1_105' title='bbox 350 1327 380 1388; x_wconf 91' lang='lat' dir='ltr'><strong>in</strong></span> <span class='ocrx_word' id='word_1_106' title='bbox 394 1327 535 1389; x_wconf 81' lang='lat' dir='ltr'><strong>omnibus</strong></span> <span class='ocrx_word' id='word_1_107' title='bbox 545 1326 701 1388; x_wconf 81' lang='lat' dir='ltr'><strong>tuberibus</strong></span> <span class='ocrx_word' id='word_1_108' title='bbox 713 1324 930 1401; x_wconf 77' lang='lat' dir='ltr'><strong>periculisque,</strong></span> <span class='ocrx_word' id='word_1_109' title='bbox 943 1331 1006 1388; x_wconf 81' lang='lat' dir='ltr'><strong>un</strong></span> <span class='ocrx_word' id='word_1_110' title='bbox 1016 1327 1170 1387; x_wconf 81' lang='lat' dir='ltr'><strong>modestia</strong></span> 
     </span>
     <span class='ocr_line' id='line_1_15' title="bbox 189 1409 644 1472; baseline 0.015 -3"><span class='ocrx_word' id='word_1_111' title='bbox 189 1409 280 1470; x_wconf 85' lang='lat' dir='ltr'><strong>etiam</strong></span> <span class='ocrx_word' id='word_1_112' title='bbox 297 1412 404 1472; x_wconf 78' lang='lat' dir='ltr'><strong>tuerat.</strong></span> <span class='ocrx_word' id='word_1_113' title='bbox 640 1457 644 1464; x_wconf 80' lang='lat'>·</span> 
     </span>
    </p>

    <p class='ocr_par' dir='ltr' id='par_1_6' title="bbox 185 1490 1169 3496">
     <span class='ocr_line' id='line_1_16' title="bbox 273 1490 1168 1569; baseline -0.002 -15"><span class='ocrx_word' id='word_1_114' title='bbox 273 1491 379 1554; x_wconf 86' lang='lat' dir='ltr'>XXIV.</span> <span class='ocrx_word' id='word_1_115' title='bbox 400 1490 568 1568; x_wconf 70' lang='lat' dir='ltr'><strong>Supererat</strong></span> <span class='ocrx_word' id='word_1_116' title='bbox 587 1494 700 1556; x_wconf 76' lang='lat' dir='ltr'><strong>bellum</strong></span> <span class='ocrx_word' id='word_1_117' title='bbox 718 1494 869 1569; x_wconf 77' lang='lat' dir='ltr'><strong>integrum</strong></span> <span class='ocrx_word' id='word_1_118' title='bbox 888 1508 958 1554; x_wconf 81' lang='lat' dir='ltr'><strong>mm</strong></span> <span class='ocrx_word' id='word_1_119' title='bbox 978 1493 1168 1569; x_wconf 79' lang='lat' dir='ltr'><strong>Tectosagis.</strong></span> 
     </span>
     <span class='ocr_line' id='line_1_17' title="bbox 189 1575 1168 1652; baseline -0.001 -14"><span class='ocrx_word' id='word_1_120' title='bbox 189 1577 229 1638; x_wconf 79' lang='lat' dir='ltr'><strong>ed</strong></span> <span class='ocrx_word' id='word_1_121' title='bbox 244 1593 300 1640; x_wconf 83' lang='lat' dir='ltr'><strong>coe</strong></span> <span class='ocrx_word' id='word_1_122' title='bbox 316 1577 472 1651; x_wconf 81' lang='lat' dir='ltr'><strong>protectus</strong></span> <span class='ocrx_word' id='word_1_123' title='bbox 488 1575 596 1638; x_wconf 77' lang='lat' dir='ltr'><strong>consui</strong></span> <span class='ocrx_word' id='word_1_124' title='bbox 611 1577 707 1638; x_wconf 81' lang='lat' dir='ltr'><strong>tertiis</strong></span> <span class='ocrx_word' id='word_1_125' title='bbox 720 1577 831 1640; x_wconf 71' lang='lat' dir='ltr'><strong>castris</strong></span> <span class='ocrx_word' id='word_1_126' title='bbox 846 1579 1012 1652; x_wconf 66' lang='lat' dir='ltr'><strong>Ancyrae,</strong></span> <span class='ocrx_word' id='word_1_127' title='bbox 1034 1576 1168 1640; x_wconf 82' lang='lat' dir='ltr'><strong>nobilem</strong></span> 
     </span>
     <span class='ocr_line' id='line_1_18' title="bbox 188 1659 1167 1737; baseline 0.002 -18"><span class='ocrx_word' id='word_1_128' title='bbox 188 1660 218 1720; x_wconf 92' lang='lat' dir='ltr'><strong>in</strong></span> <span class='ocrx_word' id='word_1_129' title='bbox 234 1659 293 1720; x_wconf 83' lang='lat' dir='ltr'><strong>ittir</strong></span> <span class='ocrx_word' id='word_1_130' title='bbox 307 1659 385 1720; x_wconf 88' lang='lat' dir='ltr'><strong>iocis</strong></span> <span class='ocrx_word' id='word_1_131' title='bbox 399 1660 521 1734; x_wconf 73' lang='lat' dir='ltr'><strong>urirem,</strong></span> <span class='ocrx_word' id='word_1_132' title='bbox 537 1660 689 1737; x_wconf 84' lang='lat' dir='ltr'><strong>pervenit,</strong></span> <span class='ocrx_word' id='word_1_133' title='bbox 704 1662 788 1724; x_wconf 82' lang='lat' dir='ltr'><strong>unde</strong></span> <span class='ocrx_word' id='word_1_134' title='bbox 801 1661 907 1722; x_wconf 83' lang='lat' dir='ltr'><strong>hostes</strong></span> <span class='ocrx_word' id='word_1_135' title='bbox 921 1661 1013 1736; x_wconf 78' lang='lat' dir='ltr'><strong>paulo</strong></span> <span class='ocrx_word' id='word_1_136' title='bbox 1029 1662 1103 1736; x_wconf 86' lang='lat' dir='ltr'><strong>plus</strong></span> <span class='ocrx_word' id='word_1_137' title='bbox 1116 1662 1167 1722; x_wconf 79' lang='lat' dir='ltr'><strong>de</strong></span> 
     </span>
     <span class='ocr_line' id='line_1_19' title="bbox 191 1741 1168 1828; baseline 0.001 -23"><span class='ocrx_word' id='word_1_138' title='bbox 191 1759 258 1805; x_wconf 85' lang='lat' dir='ltr'><strong>cem</strong></span> <span class='ocrx_word' id='word_1_139' title='bbox 271 1742 355 1806; x_wconf 78' lang='lat' dir='ltr'><strong>milio</strong></span> <span class='ocrx_word' id='word_1_140' title='bbox 368 1741 505 1806; x_wconf 77' lang='lat' dir='ltr'><strong>uberent</strong></span> <span class='ocrx_word' id='word_1_141' title='bbox 522 1745 575 1806; x_wconf 90' lang='lat' dir='ltr'><strong>ubi</strong></span> <span class='ocrx_word' id='word_1_142' title='bbox 590 1760 659 1808; x_wconf 89' lang='lat' dir='ltr'><strong>cum</strong></span> <span class='ocrx_word' id='word_1_143' title='bbox 673 1743 784 1806; x_wconf 77' lang='lat' dir='ltr'><strong>outivo</strong></span> <span class='ocrx_word' id='word_1_144' title='bbox 795 1750 909 1828; x_wconf 66' lang='lat' dir='ltr'><strong>essent,</strong></span> <span class='ocrx_word' id='word_1_145' title='bbox 920 1745 1041 1806; x_wconf 60' lang='lat' dir='ltr'><strong>&amp;cinus</strong></span> <span class='ocrx_word' id='word_1_146' title='bbox 1054 1760 1168 1806; x_wconf 83' lang='lat' dir='ltr'><strong>monro-</strong></span> 
     </span>
     <span class='ocr_line' id='line_1_20' title="bbox 187 1825 1169 1904; baseline 0 -16"><span class='ocrx_word' id='word_1_147' title='bbox 187 1825 284 1894; x_wconf 86' lang='lat' dir='ltr'><strong>rabite</strong></span> <span class='ocrx_word' id='word_1_148' title='bbox 298 1843 317 1888; x_wconf 86' lang='lat' dir='ltr'><strong>o</strong></span> <span class='ocrx_word' id='word_1_149' title='bbox 330 1828 452 1904; x_wconf 78' lang='lat' dir='ltr'><strong>captiva</strong></span> <span class='ocrx_word' id='word_1_150' title='bbox 466 1830 578 1892; x_wconf 83' lang='lat' dir='ltr'><strong>tactum</strong></span> <span class='ocrx_word' id='word_1_151' title='bbox 593 1835 649 1892; x_wconf 81' lang='lat' dir='ltr'><strong>est</strong></span> <span class='ocrx_word' id='word_1_152' title='bbox 666 1826 851 1904; x_wconf 80' lang='lat' dir='ltr'><strong>Ortiogoutir</strong></span> <span class='ocrx_word' id='word_1_153' title='bbox 865 1829 962 1904; x_wconf 71' lang='lat' dir='ltr'><strong>regui</strong></span> <span class='ocrx_word' id='word_1_154' title='bbox 976 1843 1057 1890; x_wconf 90' lang='lat' dir='ltr'><strong>uxor</strong></span> <span class='ocrx_word' id='word_1_155' title='bbox 1070 1829 1169 1890; x_wconf 80' lang='lat' dir='ltr'><strong>torma</strong></span> 
     </span>
     <span class='ocr_line' id='line_1_21' title="bbox 189 1911 1167 1988; baseline -0.001 -15"><span class='ocrx_word' id='word_1_156' title='bbox 189 1911 301 1974; x_wconf 82' lang='lat' dir='ltr'><strong>eximia</strong></span> <span class='ocrx_word' id='word_1_157' title='bbox 315 1911 545 1975; x_wconf 73' lang='lat' dir='ltr'><strong>custodiebatur</strong></span> <span class='ocrx_word' id='word_1_158' title='bbox 557 1911 635 1974; x_wconf 90' lang='lat' dir='ltr'><strong>inter</strong></span> <span class='ocrx_word' id='word_1_159' title='bbox 649 1913 753 1987; x_wconf 90' lang='lat' dir='ltr'><strong>plures</strong></span> <span class='ocrx_word' id='word_1_160' title='bbox 769 1912 924 1988; x_wconf 66' lang='lat' dir='ltr'><strong>captivom</strong></span> <span class='ocrx_word' id='word_1_161' title='bbox 946 1911 996 1972; x_wconf 89' lang='lat' dir='ltr'><strong>cui</strong></span> <span class='ocrx_word' id='word_1_162' title='bbox 1007 1911 1167 1973; x_wconf 78' lang='lat' dir='ltr'><strong>crrstodiue</strong></span> 
     </span>
     <span class='ocr_line' id='line_1_22' title="bbox 189 1994 1167 2072; baseline 0 -16"><span class='ocrx_word' id='word_1_163' title='bbox 189 1995 326 2058; x_wconf 85' lang='lat' dir='ltr'><strong>centurio</strong></span> <span class='ocrx_word' id='word_1_164' title='bbox 341 2003 483 2072; x_wconf 76' lang='lat' dir='ltr'><strong>proceret</strong></span> <span class='ocrx_word' id='word_1_165' title='bbox 496 2005 526 2058; x_wconf 88' lang='lat' dir='ltr'><strong>ot</strong></span> <span class='ocrx_word' id='word_1_166' title='bbox 540 1995 674 2057; x_wconf 84' lang='lat' dir='ltr'><strong>libidinis</strong></span> <span class='ocrx_word' id='word_1_167' title='bbox 689 2002 720 2057; x_wconf 87' lang='lat' dir='ltr'><strong>et</strong></span> <span class='ocrx_word' id='word_1_168' title='bbox 733 1996 880 2060; x_wconf 77' lang='lat' dir='ltr'><strong>avaritiae</strong></span> <span class='ocrx_word' id='word_1_169' title='bbox 893 1994 1040 2059; x_wconf 82' lang='lat' dir='ltr'><strong>militar-is.</strong></span> <span class='ocrx_word' id='word_1_170' title='bbox 1062 1997 1090 2056; x_wconf 90' lang='lat' dir='ltr'><strong>is</strong></span> <span class='ocrx_word' id='word_1_171' title='bbox 1106 1997 1167 2070; x_wconf 86' lang='lat' dir='ltr'><strong>pri-</strong></span> 
     </span>
     <span class='ocr_line' id='line_1_23' title="bbox 188 2079 1168 2155; baseline 0 -15"><span class='ocrx_word' id='word_1_172' title='bbox 188 2097 239 2142; x_wconf 88' lang='lat' dir='ltr'><strong>rno</strong></span> <span class='ocrx_word' id='word_1_173' title='bbox 260 2080 392 2142; x_wconf 86' lang='lat' dir='ltr'><strong>animum</strong></span> <span class='ocrx_word' id='word_1_174' title='bbox 411 2079 582 2154; x_wconf 62' lang='lat' dir='ltr'><strong>temptacio</strong></span> <span class='ocrx_word' id='word_1_175' title='bbox 602 2095 696 2155; x_wconf 88' lang='lat' dir='ltr'><strong>quem</strong></span> <span class='ocrx_word' id='word_1_176' title='bbox 716 2097 785 2141; x_wconf 80' lang='lat' dir='ltr'><strong>cum</strong></span> <span class='ocrx_word' id='word_1_177' title='bbox 799 2079 1012 2141; x_wconf 77' lang='lat' dir='ltr'><strong>abhorrentem</strong></span> <span class='ocrx_word' id='word_1_178' title='bbox 1026 2095 1046 2140; x_wconf 90' lang='lat' dir='ltr'><strong>a</strong></span> <span class='ocrx_word' id='word_1_179' title='bbox 1059 2081 1168 2142; x_wconf 87' lang='lat' dir='ltr'><strong>volun·</strong></span> 
     </span>
     <span class='ocr_line' id='line_1_24' title="bbox 188 2163 1167 2238; baseline 0.002 -16"><span class='ocrx_word' id='word_1_180' title='bbox 188 2165 265 2224; x_wconf 87' lang='lat' dir='ltr'><strong>tario</strong></span> <span class='ocrx_word' id='word_1_181' title='bbox 280 2163 397 2222; x_wconf 87' lang='lat' dir='ltr'><strong>videret</strong></span> <span class='ocrx_word' id='word_1_182' title='bbox 410 2169 534 2236; x_wconf 78' lang='lat' dir='ltr'><strong>stupro,</strong></span> <span class='ocrx_word' id='word_1_183' title='bbox 556 2163 696 2238; x_wconf 87' lang='lat' dir='ltr'><strong>corpori,</strong></span> <span class='ocrx_word' id='word_1_184' title='bbox 719 2165 804 2238; x_wconf 86' lang='lat' dir='ltr'><strong>quod</strong></span> <span class='ocrx_word' id='word_1_185' title='bbox 818 2179 940 2226; x_wconf 84' lang='lat' dir='ltr'><strong>seruum</strong></span> <span class='ocrx_word' id='word_1_186' title='bbox 955 2165 1078 2226; x_wconf 78' lang='lat' dir='ltr'><strong>fortuna</strong></span> <span class='ocrx_word' id='word_1_187' title='bbox 1092 2173 1167 2237; x_wconf 86' lang='lat' dir='ltr'><strong>erat,</strong></span> 
     </span>
     <span class='ocr_line' id='line_1_25' title="bbox 190 2243 1167 2324; baseline 0.008 -21"><span class='ocrx_word' id='word_1_188' title='bbox 190 2245 250 2306; x_wconf 86' lang='lat' dir='ltr'><strong>vim</strong></span> <span class='ocrx_word' id='word_1_189' title='bbox 261 2243 340 2304; x_wconf 83' lang='lat' dir='ltr'><strong>tecit.</strong></span> <span class='ocrx_word' id='word_1_190' title='bbox 362 2245 475 2324; x_wconf 65' lang='lat' dir='ltr'><strong>deinde</strong></span> <span class='ocrx_word' id='word_1_191' title='bbox 484 2245 526 2306; x_wconf 87' lang='lat' dir='ltr'><strong>ad</strong></span> <span class='ocrx_word' id='word_1_192' title='bbox 535 2245 708 2307; x_wconf 86' lang='lat' dir='ltr'><strong>leniendam</strong></span> <span class='ocrx_word' id='word_1_193' title='bbox 717 2247 927 2323; x_wconf 80' lang='lat' dir='ltr'><strong>indignitatem</strong></span> <span class='ocrx_word' id='word_1_194' title='bbox 935 2245 1064 2309; x_wconf 87' lang='lat' dir='ltr'><strong>iniuriae</strong></span> <span class='ocrx_word' id='word_1_195' title='bbox 1077 2263 1167 2323; x_wconf 76' lang='lat' dir='ltr'><strong>apem</strong></span> 
     </span>
     <span class='ocr_line' id='line_1_26' title="bbox 187 2327 1166 2406; baseline 0.006 -20"><span class='ocrx_word' id='word_1_196' title='bbox 187 2327 304 2390; x_wconf 81' lang='lat' dir='ltr'><strong>reditus</strong></span> <span class='ocrx_word' id='word_1_197' title='bbox 319 2327 360 2388; x_wconf 87' lang='lat' dir='ltr'><strong>ad</strong></span> <span class='ocrx_word' id='word_1_198' title='bbox 375 2344 449 2390; x_wconf 77' lang='lat' dir='ltr'><strong>suos</strong></span> <span class='ocrx_word' id='word_1_199' title='bbox 465 2329 582 2390; x_wconf 88' lang='lat' dir='ltr'><strong>mulieri</strong></span> <span class='ocrx_word' id='word_1_200' title='bbox 593 2330 672 2406; x_wconf 83' lang='lat' dir='ltr'><strong>iacit,</strong></span> <span class='ocrx_word' id='word_1_201' title='bbox 687 2339 766 2392; x_wconf 82' lang='lat' dir='ltr'><strong>etue</strong></span> <span class='ocrx_word' id='word_1_202' title='bbox 776 2347 843 2392; x_wconf 87' lang='lat' dir='ltr'><strong>eam</strong></span> <span class='ocrx_word' id='word_1_203' title='bbox 855 2331 989 2406; x_wconf 82' lang='lat' dir='ltr'><strong>quidem,</strong></span> <span class='ocrx_word' id='word_1_204' title='bbox 1003 2337 1038 2392; x_wconf 90' lang='lat' dir='ltr'><strong>ut</strong></span> <span class='ocrx_word' id='word_1_205' title='bbox 1050 2347 1166 2405; x_wconf 70' lang='lat' dir='ltr'><strong>ammos,</strong></span> 
     </span>
     <span class='ocr_line' id='line_1_27' title="bbox 187 2413 1166 2492; baseline 0.004 -18"><span class='ocrx_word' id='word_1_206' title='bbox 187 2413 358 2488; x_wconf 77' lang='lat' dir='ltr'><strong>gratuitam.</strong></span> <span class='ocrx_word' id='word_1_207' title='bbox 390 2420 474 2476; x_wconf 88' lang='lat' dir='ltr'><strong>certo</strong></span> <span class='ocrx_word' id='word_1_208' title='bbox 495 2415 561 2476; x_wconf 79' lang='lat' dir='ltr'><strong>auri</strong></span> <span class='ocrx_word' id='word_1_209' title='bbox 580 2416 720 2490; x_wconf 88' lang='lat' dir='ltr'><strong>pondere</strong></span> <span class='ocrx_word' id='word_1_210' title='bbox 733 2421 858 2492; x_wconf 55' lang='lat' dir='ltr'><strong>pactum</strong></span> <span class='ocrx_word' id='word_1_211' title='bbox 878 2429 918 2474; x_wconf 89' lang='lat' dir='ltr'><strong>ne</strong></span> <span class='ocrx_word' id='word_1_212' title='bbox 933 2430 1026 2490; x_wconf 91' lang='lat' dir='ltr'><strong>quern</strong></span> <span class='ocrx_word' id='word_1_213' title='bbox 1039 2430 1166 2478; x_wconf 84' lang='lat' dir='ltr'><strong>suorum</strong></span> 
     </span>
     <span class='ocr_line' id='line_1_28' title="bbox 188 2497 1166 2574; baseline 0.001 -17"><span class='ocrx_word' id='word_1_214' title='bbox 188 2498 345 2560; x_wconf 82' lang='lat' dir='ltr'><strong>conscium</strong></span> <span class='ocrx_word' id='word_1_215' title='bbox 355 2497 492 2572; x_wconf 88' lang='lat' dir='ltr'><strong>haberet,</strong></span> <span class='ocrx_word' id='word_1_216' title='bbox 507 2499 567 2574; x_wconf 87' lang='lat' dir='ltr'><strong>ipsi</strong></span> <span class='ocrx_word' id='word_1_217' title='bbox 581 2499 738 2574; x_wconf 72' lang='lat' dir='ltr'><strong>pernicio,</strong></span> <span class='ocrx_word' id='word_1_218' title='bbox 759 2504 898 2574; x_wconf 85' lang='lat' dir='ltr'><strong>utquam</strong></span> <span class='ocrx_word' id='word_1_219' title='bbox 913 2500 1006 2560; x_wconf 82' lang='lat' dir='ltr'><strong>veltet</strong></span> <span class='ocrx_word' id='word_1_220' title='bbox 1018 2515 1115 2562; x_wconf 87' lang='lat' dir='ltr'><strong>unum</strong></span> <span class='ocrx_word' id='word_1_221' title='bbox 1128 2516 1166 2560; x_wconf 88' lang='lat' dir='ltr'><strong>ex</strong></span> 
     </span>
     <span class='ocr_line' id='line_1_29' title="bbox 188 2581 1166 2659; baseline -0.002 -15"><span class='ocrx_word' id='word_1_222' title='bbox 188 2582 316 2657; x_wconf 80' lang='lat' dir='ltr'><strong>captivis</strong></span> <span class='ocrx_word' id='word_1_223' title='bbox 338 2581 474 2642; x_wconf 77' lang='lat' dir='ltr'><strong>nuruum</strong></span> <span class='ocrx_word' id='word_1_224' title='bbox 493 2582 536 2643; x_wconf 81' lang='lat' dir='ltr'><strong>od</strong></span> <span class='ocrx_word' id='word_1_225' title='bbox 554 2599 631 2644; x_wconf 86' lang='lat' dir='ltr'><strong>suos</strong></span> <span class='ocrx_word' id='word_1_226' title='bbox 652 2581 789 2644; x_wconf 88' lang='lat' dir='ltr'><strong>mitteret.</strong></span> <span class='ocrx_word' id='word_1_227' title='bbox 817 2583 919 2644; x_wconf 88' lang='lat' dir='ltr'><strong>locum</strong></span> <span class='ocrx_word' id='word_1_228' title='bbox 939 2597 1038 2659; x_wconf 83' lang='lat' dir='ltr'><strong>prope</strong></span> <span class='ocrx_word' id='word_1_229' title='bbox 1052 2581 1166 2646; x_wconf 85' lang='lat' dir='ltr'><strong>flumen</strong></span> 
     </span>
     <span class='ocr_line' id='line_1_30' title="bbox 188 2665 1165 2742; baseline 0.002 -18"><span class='ocrx_word' id='word_1_230' title='bbox 188 2665 352 2740; x_wconf 73' lang='lat' dir='ltr'><strong>constiutit,</strong></span> <span class='ocrx_word' id='word_1_231' title='bbox 368 2681 429 2740; x_wconf 91' lang='lat' dir='ltr'><strong>quo</strong></span> <span class='ocrx_word' id='word_1_232' title='bbox 443 2667 515 2737; x_wconf 86' lang='lat' dir='ltr'><strong>duo,</strong></span> <span class='ocrx_word' id='word_1_233' title='bbox 532 2681 571 2726; x_wconf 92' lang='lat' dir='ltr'><strong>ne</strong></span> <span class='ocrx_word' id='word_1_234' title='bbox 585 2667 655 2742; x_wconf 86' lang='lat' dir='ltr'><strong>ptus</strong></span> <span class='ocrx_word' id='word_1_235' title='bbox 669 2665 836 2728; x_wconf 71' lang='lat' dir='ltr'><strong>necessarii</strong></span> <span class='ocrx_word' id='word_1_236' title='bbox 851 2666 991 2741; x_wconf 75' lang='lat' dir='ltr'><strong>captivae</strong></span> <span class='ocrx_word' id='word_1_237' title='bbox 1005 2683 1076 2728; x_wconf 90' lang='lat' dir='ltr'><strong>cum</strong></span> <span class='ocrx_word' id='word_1_238' title='bbox 1092 2683 1165 2728; x_wconf 86' lang='lat' dir='ltr'><strong>auro</strong></span> 
     </span>
     <span class='ocr_line' id='line_1_31' title="bbox 186 2748 1165 2828; baseline 0.006 -24"><span class='ocrx_word' id='word_1_239' title='bbox 186 2748 328 2808; x_wconf 82' lang='lat' dir='ltr'><strong>venirent</strong></span> <span class='ocrx_word' id='word_1_240' title='bbox 339 2755 430 2809; x_wconf 90' lang='lat' dir='ltr'><strong>nocte</strong></span> <span class='ocrx_word' id='word_1_241' title='bbox 440 2749 613 2822; x_wconf 70' lang='lat' dir='ltr'><strong>insequenti</strong></span> <span class='ocrx_word' id='word_1_242' title='bbox 620 2751 734 2812; x_wconf 87' lang='lat' dir='ltr'><strong>adeam</strong></span> <span class='ocrx_word' id='word_1_243' title='bbox 744 2749 962 2825; x_wconf 82' lang='lat' dir='ltr'><strong>accipiendam.</strong></span> <span class='ocrx_word' id='word_1_244' title='bbox 978 2752 1057 2812; x_wconf 81' lang='lat' dir='ltr'><strong>torte</strong></span> <span class='ocrx_word' id='word_1_245' title='bbox 1065 2751 1165 2828; x_wconf 77' lang='lat' dir='ltr'><strong>ipsius</strong></span> 
     </span>
     <span class='ocr_line' id='line_1_32' title="bbox 187 2830 1163 2906; baseline 0.003 -18"><span class='ocrx_word' id='word_1_246' title='bbox 187 2830 323 2890; x_wconf 87' lang='lat' dir='ltr'><strong>mulieris</strong></span> <span class='ocrx_word' id='word_1_247' title='bbox 348 2845 457 2892; x_wconf 82' lang='lat' dir='ltr'><strong>servus</strong></span> <span class='ocrx_word' id='word_1_248' title='bbox 483 2831 560 2890; x_wconf 83' lang='lat' dir='ltr'><strong>inter</strong></span> <span class='ocrx_word' id='word_1_249' title='bbox 585 2833 724 2906; x_wconf 79' lang='lat' dir='ltr'><strong>captivos</strong></span> <span class='ocrx_word' id='word_1_250' title='bbox 749 2833 888 2895; x_wconf 83' lang='lat' dir='ltr'><strong>eiusdem</strong></span> <span class='ocrx_word' id='word_1_251' title='bbox 907 2835 1069 2899; x_wconf 70' lang='lat' dir='ltr'><strong>custodiae</strong></span> <span class='ocrx_word' id='word_1_252' title='bbox 1090 2843 1163 2896; x_wconf 85' lang='lat' dir='ltr'><strong>erat.</strong></span> 
     </span>
     <span class='ocr_line' id='line_1_33' title="bbox 186 2911 1163 2989; baseline 0.005 -17"><span class='ocrx_word' id='word_1_253' title='bbox 186 2911 269 2972; x_wconf 88' lang='lat' dir='ltr'><strong>hunc</strong></span> <span class='ocrx_word' id='word_1_254' title='bbox 293 2913 431 2974; x_wconf 89' lang='lat' dir='ltr'><strong>nuntium</strong></span> <span class='ocrx_word' id='word_1_255' title='bbox 455 2913 562 2989; x_wconf 87' lang='lat' dir='ltr'><strong>primis</strong></span> <span class='ocrx_word' id='word_1_256' title='bbox 585 2914 720 2976; x_wconf 85' lang='lat' dir='ltr'><strong>tenebris</strong></span> <span class='ocrx_word' id='word_1_257' title='bbox 744 2926 831 2978; x_wconf 76' lang='lat' dir='ltr'><strong>emm</strong></span> <span class='ocrx_word' id='word_1_258' title='bbox 855 2918 1004 2980; x_wconf 81' lang='lat' dir='ltr'><strong>stationes</strong></span> <span class='ocrx_word' id='word_1_259' title='bbox 1025 2920 1163 2982; x_wconf 87' lang='lat' dir='ltr'><strong>centurio</strong></span> 
     </span>
     <span class='ocr_line' id='line_1_34' title="bbox 187 2995 1165 3072; baseline 0.005 -13"><span class='ocrx_word' id='word_1_260' title='bbox 187 2995 298 3059; x_wconf 83' lang='lat' dir='ltr'><strong>educit.</strong></span> <span class='ocrx_word' id='word_1_261' title='bbox 334 3004 423 3058; x_wconf 88' lang='lat' dir='ltr'><strong>nocte</strong></span> <span class='ocrx_word' id='word_1_262' title='bbox 446 2997 620 3072; x_wconf 78' lang='lat' dir='ltr'><strong>insequenti</strong></span> <span class='ocrx_word' id='word_1_263' title='bbox 639 3006 670 3059; x_wconf 90' lang='lat' dir='ltr'><strong>et</strong></span> <span class='ocrx_word' id='word_1_264' title='bbox 687 3001 750 3063; x_wconf 22' lang='lat' dir='ltr'><strong>*uuo</strong></span> <span class='ocrx_word' id='word_1_265' title='bbox 776 3001 944 3065; x_wconf 84' lang='lat' dir='ltr'><strong>necessarii</strong></span> <span class='ocrx_word' id='word_1_266' title='bbox 968 3003 1107 3066; x_wconf 80' lang='lat' dir='ltr'><strong>mulieris</strong></span> <span class='ocrx_word' id='word_1_267' title='bbox 1125 3003 1165 3064; x_wconf 89' lang='lat' dir='ltr'><strong>ad</strong></span> 
     </span>
     <span class='ocr_line' id='line_1_35' title="bbox 187 3079 1165 3160; baseline 0.009 -20"><span class='ocrx_word' id='word_1_268' title='bbox 187 3079 383 3143; x_wconf 87' lang='lat' dir='ltr'><strong>constitutum</strong></span> <span class='ocrx_word' id='word_1_269' title='bbox 397 3083 498 3143; x_wconf 88' lang='lat' dir='ltr'><strong>locum</strong></span> <span class='ocrx_word' id='word_1_270' title='bbox 513 3087 542 3142; x_wconf 91' lang='lat' dir='ltr'><strong>et</strong></span> <span class='ocrx_word' id='word_1_271' title='bbox 556 3083 691 3144; x_wconf 90' lang='lat' dir='ltr'><strong>centurio</strong></span> <span class='ocrx_word' id='word_1_272' title='bbox 704 3099 773 3145; x_wconf 83' lang='lat' dir='ltr'><strong>cunr</strong></span> <span class='ocrx_word' id='word_1_273' title='bbox 782 3085 905 3160; x_wconf 87' lang='lat' dir='ltr'><strong>captiva</strong></span> <span class='ocrx_word' id='word_1_274' title='bbox 921 3087 1010 3148; x_wconf 86' lang='lat' dir='ltr'><strong>vonit.</strong></span> <span class='ocrx_word' id='word_1_275' title='bbox 1031 3087 1085 3148; x_wconf 89' lang='lat' dir='ltr'><strong>ubi</strong></span> <span class='ocrx_word' id='word_1_276' title='bbox 1097 3103 1165 3148; x_wconf 87' lang='lat' dir='ltr'><strong>cum</strong></span> 
     </span>
     <span class='ocr_line' id='line_1_36' title="bbox 187 3165 1166 3240; baseline 0.005 -15"><span class='ocrx_word' id='word_1_277' title='bbox 187 3181 294 3228; x_wconf 82' lang='lat' dir='ltr'><strong>aunum</strong></span> <span class='ocrx_word' id='word_1_278' title='bbox 315 3165 511 3227; x_wconf 84' lang='lat' dir='ltr'><strong>ostenderent</strong></span> <span class='ocrx_word' id='word_1_279' title='bbox 532 3168 616 3240; x_wconf 81' lang='lat' dir='ltr'><strong>quod</strong></span> <span class='ocrx_word' id='word_1_280' title='bbox 636 3183 784 3230; x_wconf 89' lang='lat' dir='ltr'><strong>summam</strong></span> <span class='ocrx_word' id='word_1_281' title='bbox 804 3170 908 3230; x_wconf 86' lang='lat' dir='ltr'><strong>talenti</strong></span> <span class='ocrx_word' id='word_1_282' title='bbox 926 3170 1075 3231; x_wconf 76' lang='lat' dir='ltr'><strong>Attici-</strong></span> <span class='ocrx_word' id='word_1_283' title='bbox 1093 3170 1166 3232; x_wconf 89' lang='lat' dir='ltr'><strong>tanti</strong></span> 
     </span>
     <span class='ocr_line' id='line_1_37' title="bbox 185 3250 1167 3330; baseline 0.005 -21"><span class='ocrx_word' id='word_1_284' title='bbox 185 3251 266 3310; x_wconf 89' lang='lat' dir='ltr'><strong>enim</strong></span> <span class='ocrx_word' id='word_1_285' title='bbox 281 3250 437 3326; x_wconf 78' lang='lat' dir='ltr'><strong>pepigerat</strong></span> <span class='ocrx_word' id='word_1_286' title='bbox 448 3282 489 3294; x_wconf 91' lang='lat'>-</span> <span class='ocrx_word' id='word_1_287' title='bbox 500 3251 646 3324; x_wconf 89' lang='lat' dir='ltr'><strong>expleret,</strong></span> <span class='ocrx_word' id='word_1_288' title='bbox 662 3252 769 3313; x_wconf 83' lang='lat' dir='ltr'><strong>mulier</strong></span> <span class='ocrx_word' id='word_1_289' title='bbox 782 3253 887 3328; x_wconf 80' lang='lat' dir='ltr'><strong>lingua</strong></span> <span class='ocrx_word' id='word_1_290' title='bbox 900 3269 965 3326; x_wconf 76' lang='lat' dir='ltr'><strong>sua</strong></span> <span class='ocrx_word' id='word_1_291' title='bbox 981 3255 1167 3330; x_wconf 74' lang='lat' dir='ltr'><strong>stringerent</strong></span> 
     </span>
     <span class='ocr_line' id='line_1_38' title="bbox 186 3331 1162 3411; baseline 0.01 -23"><span class='ocrx_word' id='word_1_292' title='bbox 186 3331 301 3392; x_wconf 82' lang='lat' dir='ltr'><strong>ferrum</strong></span> <span class='ocrx_word' id='word_1_293' title='bbox 315 3340 345 3393; x_wconf 87' lang='lat' dir='ltr'><strong>ct</strong></span> <span class='ocrx_word' id='word_1_294' title='bbox 360 3333 566 3396; x_wconf 82' lang='lat' dir='ltr'><strong>centurionem</strong></span> <span class='ocrx_word' id='word_1_295' title='bbox 580 3343 761 3410; x_wconf 87' lang='lat' dir='ltr'><strong>pensantem</strong></span> <span class='ocrx_word' id='word_1_296' title='bbox 776 3352 882 3398; x_wconf 85' lang='lat' dir='ltr'><strong>aurum</strong></span> <span class='ocrx_word' id='word_1_297' title='bbox 896 3337 1090 3411; x_wconf 84' lang='lat' dir='ltr'><strong>occiderent,</strong></span> <span class='ocrx_word' id='word_1_298' title='bbox 1111 3339 1162 3398; x_wconf 89' lang='lat' dir='ltr'><strong>im-</strong></span> 
     </span>
     <span class='ocr_line' id='line_1_39' title="bbox 185 3414 1166 3496; baseline 0.013 -27"><span class='ocrx_word' id='word_1_299' title='bbox 185 3414 313 3483; x_wconf 86' lang='lat' dir='ltr'><strong>peravit.</strong></span> <span class='ocrx_word' id='word_1_300' title='bbox 344 3416 468 3490; x_wconf 78' lang='lat' dir='ltr'><strong>iugutoti</strong></span> <span class='ocrx_word' id='word_1_301' title='bbox 494 3419 665 3493; x_wconf 80' lang='lat' dir='ltr'><strong>praecisum</strong></span> <span class='ocrx_word' id='word_1_302' title='bbox 688 3427 779 3494; x_wconf 89' lang='lat' dir='ltr'><strong>caput</strong></span> <span class='ocrx_word' id='word_1_303' title='bbox 798 3421 868 3496; x_wconf 84' lang='lat' dir='ltr'><strong>ipsu</strong></span> <span class='ocrx_word' id='word_1_304' title='bbox 888 3423 1056 3483; x_wconf 83' lang='lat' dir='ltr'><strong>involutum</strong></span> <span class='ocrx_word' id='word_1_305' title='bbox 1078 3432 1166 3484; x_wconf 80' lang='lat' dir='ltr'><strong>vecte</strong></span> 
     </span>
    </p>
   </div>
   <div class='ocr_carea' id='block_1_6' title="bbox 0 0 1258 3894">
    <p class='ocr_par' dir='ltr' id='par_1_7' title="bbox 0 0 1258 3894">
     <span class='ocr_line' id='line_1_40' title="bbox 0 0 1258 3894; baseline 0 0"><span class='ocrx_word' id='word_1_306' title='bbox 0 0 1258 3894; x_wconf 95' lang='lat' dir='ltr'><strong> </strong></span> 
     </span>
    </p>
   </div>
  </div>
 </body>
</html>
