2480 3904
228 219 344 280 LIBER
358 217 491 278 ΧΧΧιιι.
513 219 595 280 CAP.
611 227 709 280 aum.
735 224 891 293 sacrm]
988 219 1049 284 241

67 385 250 447 paucosque
273 367 340 430 dies
364 367 505 430 omnibus
526 370 701 446 perpacatis
716 370 783 432 sine
797 371 888 433 ullius
903 388 986 434 noxa
999 389 1045 433 ur-

66 455 116 516 bis
130 453 285 515 exercitus
299 453 525 530 Thermopylas
534 455 689 529 reductus,
704 457 798 516 multo
813 456 964 516 modestia
979 462 1049 531 post

67 535 229 600 victoriam
245 553 336 612 quam
351 538 420 612 ipsa
435 537 564 598 victoria
578 538 767 599 laudabilior.
796 538 868 600 inde
884 542 992 600 consul
1007 540 1047 598 M.

65 622 223 694 Catonem,
239 635 296 696 per
307 636 398 697 quem
410 636 490 696 quae
501 629 588 696 gesta
598 629 704 683 essent
714 629 839 682 senatus
852 625 1048 699 populusque

64 706 225 766 Romanus
244 703 327 764 haud
342 703 436 765 dubio
451 711 576 766 auctore
590 705 696 780 sciret,
718 705 846 767 Romam
860 707 951 767 misit.
987 706 1014 767 is
1030 725 1049 767 a

65 789 184 850 creusa
194 817 237 832 -
246 786 479 862 'lirespiensium
496 789 664 864 emporium
680 796 735 864 est,
750 787 780 848 in
793 787 897 852 intimo
910 791 979 852 sinu
992 791 1048 852 Co·

63 871 216 934 rinthiaco
230 876 394 932 retractam
404 904 447 920 -
457 870 563 932 Patras
577 872 714 932 Achaiae
728 873 815 948 petit,
831 889 850 932 a
864 872 960 936 Patris
976 875 1047 938 Cor·

63 971 173 1034 cyram
195 969 297 1030 usque
309 953 451 1016 Aetoliae
473 961 566 1030 atque
581 956 772 1016 Acarnaniae
788 957 888 1018 littora
901 959 988 1034 legit,
1004 965 1047 1018 at-

64 1055 128 1115 que
153 1038 196 1100 ita
224 1037 262 1098 ad
284 1037 479 1115 Hydruntum
499 1039 603 1100 ltaliae
627 1039 735 1100 traicit.
770 1039 874 1114 quinte
902 1041 951 1101 die
975 1042 1047 1101 inde

62 1122 203 1198 pedestri
217 1121 461 1183 itinereltomam
471 1122 585 1198 ingenti
596 1139 690 1184 cursu
701 1121 847 1198 pervenit.
866 1130 936 1184 ante
948 1125 1047 1184 lucem

62 1209 228 1282 ingressus
247 1205 353 1266 urbem
369 1222 388 1266 a
401 1213 490 1282 porta
505 1207 544 1266 ad
558 1213 730 1282 praetorem
744 1206 784 1266 M.
800 1207 918 1267 lunium
931 1207 988 1268 iter
1002 1207 1046 1268 in·

61 1288 171 1350 tendit·
207 1289 234 1348 is
250 1289 348 1364 prima
362 1290 431 1351 luce
443 1291 474 1350 in
489 1298 628 1352 senatum
642 1290 780 1360 vocavit;
809 1307 870 1368 quo
884 1291 918 1352 L.
934 1291 1046 1353 Corne·

62 1375 125 1434 lius
140 1371 261 1448 Scipio,
285 1372 402 1448 aliquot
415 1374 524 1435 diebus
540 1380 609 1436 ante
623 1392 642 1436 a
656 1375 785 1437 consule
799 1374 961 1451 dimissus,
977 1391 1046 1436 cum

61 1455 236 1518 adveniens
252 1456 390 1518 audisset
403 1473 620 1535 praegressum
635 1457 779 1521 Catonern
793 1459 824 1519 in
840 1467 948 1520 senatu
964 1475 1044 1533 esse,

61 1539 246 1617 supervenit
259 1543 442 1618 exponenti,
458 1549 640 1618 quaegesta
655 1549 769 1605 essent.
792 1543 853 1604 duo
867 1541 940 1603 inde
955 1544 1044 1619 legati

60 1625 154 1686 iussu
176 1631 300 1686 senatus
321 1625 351 1685 in
373 1627 545 1688 contionem
568 1632 640 1688 sunt
653 1626 810 1703 producti,
831 1633 924 1702 atque
938 1627 979 1689 ibi
994 1643 1044 1687 ea·

61 1709 135 1769 dem
158 1725 238 1784 qnae
259 1708 290 1768 in
312 1717 421 1771 senatu
442 1710 587 1770 derebus
601 1709 631 1770 in
646 1710 767 1772 Aetolia
781 1709 877 1785 gestis
891 1726 1045 1786 exposue-

60 1799 144 1853 runt.
169 1792 353 1868 supplicatio
369 1793 399 1854 in
410 1793 543 1854 triduum
555 1794 679 1854 decreta
689 1801 745 1866 est,
760 1799 792 1854 et
802 1800 835 1854 ut
847 1795 1046 1870 quadraginta

60 1875 176 1937 hostiis
189 1876 357 1937 maioribus
373 1884 511 1953 praeter,
529 1877 640 1953 quibus
655 1877 714 1937 diis
729 1875 756 1936 ei
772 1875 935 1951 videretur,
950 1879 1044 1938 saeri-

60 1959 181 2020 hcaret.
202 1975 259 2035 per
274 1961 401 2021 eosdem
416 1961 483 2022 dies
498 1965 528 2021 et
540 1961 580 2024 ld.
591 1959 716 2021 Fulvius
728 1957 873 2032 Nobilior,
891 1961 943 2034 qui
960 1961 1044 2020 bien-

61 2044 116 2105 nio
127 2050 198 2104 ante
210 2049 333 2118 praetor
342 2043 373 2104 in
385 2042 565 2121 Hispaniam
576 2051 640 2106 erat
650 2043 817 2118 proiectus,
830 2060 927 2104 ovans
939 2045 1045 2105 urbem

60 2135 112 2188 est
125 2127 303 2202 ingressus:
325 2129 442 2204 argenti
463 2126 556 2203 bigati
571 2143 645 2203 prae
661 2143 696 2188 se
710 2127 776 2189 tulit
790 2134 911 2188 centum
925 2127 1046 2203 triginta

60 2211 155 2286 milia,
171 2217 202 2272 et
215 2217 302 2272 extra
316 2217 506 2273 numeratum
521 2211 684 2273 duodecim
699 2212 782 2272 milia
796 2212 902 2286 ponde
917 2213 1044 2290 argenti,

60 2296 130 2355 auri
145 2295 252 2371 pondo
268 2303 388 2357 centum
402 2294 508 2372 viginti
524 2303 650 2370 septem.
762 2369 765 2373 ἡ

146 2378 238 2440 XXII.
266 2379 385 2441 Acilius
401 2379 510 2442 consul
528 2379 567 2438 ab
582 2378 796 2456 Thermopylis
810 2379 990 2440 Heracleam
1005 2381 1045 2441 ad
1125 2381 1127 2386 '

59 2464 192 2524 Aetolos
213 2463 382 2538 praemisit,
403 2471 437 2526 ut
450 2471 523 2524 tune
545 2465 653 2522 saltem
668 2460 787 2536 experti
800 2461 915 2536 regiam
929 2462 1046 2523 vanita-

58 2555 121 2607 tem
142 2547 378 2623 resipiscerent,
397 2547 571 2622 traditaque
584 2546 734 2606 Heraclea
755 2543 922 2619 cogitarent
936 2545 975 2605 de
990 2561 1044 2620 pe·

59 2631 157 2692 tenda
181 2631 221 2692 ab
247 2638 355 2693 senatu
376 2647 434 2693 seu
458 2631 571 2692 luroris
596 2630 645 2691 sui
670 2643 726 2689 seu
751 2627 864 2688 erroris
889 2628 989 2689 venia.
1016 2635 1047 2690 et

59 2724 183 2776 ceteras
207 2715 354 2776 Graeciae
375 2714 512 2777 civitates
536 2713 691 2774 deiecisse
711 2727 749 2772 eo
769 2711 850 2772 bello
872 2711 911 2772 ab
932 2713 1045 2789 optime

59 2799 178 2859 meritis
192 2799 356 2860 Romanis=
379 2800 436 2860 sed
451 2798 524 2876 quia
541 2805 614 2873 post
627 2799 730 2872 lugam
743 2797 842 2873 regis,
864 2796 953 2858 cuius
967 2797 1041 2860 lidu-

58 2883 107 2942 eia
123 2881 229 2944 cilicio
245 2883 471 2958 decessissent,
485 2899 548 2944 non
563 2881 756 2943 addidissent
770 2881 966 2957 pertinaciam
982 2883 1044 2942 cul-

58 2982 129 3041 pae,
141 2966 176 3026 in
192 2967 285 3028 fidem
299 2973 442 3044 receptas
457 2981 538 3028 esse.
565 2967 694 3027 Aetolos
711 2981 844 3042 quoque,
861 2982 1044 3042 quamquam

59 3066 122 3110 non
136 3049 237 3112 secuti
249 3051 311 3112 sint
320 3067 434 3128 regem,
449 3051 506 3112 sed
518 3049 724 3125 arcessierint,
739 3057 769 3110 et
779 3050 875 3110 duces
887 3049 966 3124 belli,
982 3066 1044 3110 non

58 3132 140 3194 socii
152 3133 273 3208 luerint,
288 3135 316 3196 si
327 3133 483 3210 paenitere
495 3134 625 3210 possint,
641 3149 738 3209 posse
749 3139 779 3194 et
788 3133 951 3194 incolumis
962 3147 1043 3193 esse.

58 3219 100 3276 ad
116 3233 155 3277 ea
170 3233 240 3278 cum
251 3219 353 3294 pacati
363 3219 436 3278 nihil
451 3218 701 3294 responderetur,
716 3226 941 3293 appareretque
952 3213 1044 3276 armis

57 3317 126 3360 rem
149 3302 315 3377 gerendam
337 3310 368 3362 et
388 3317 461 3378 rege
483 3307 628 3378 superato
648 3302 761 3362 bellum
776 3299 947 3360 Aetolicum
968 3299 1045 3360 inte·

57 3399 148 3458 grum
162 3393 291 3460 restare,
306 3392 408 3447 castra
418 3385 457 3446 ab
468 3384 682 3463 Thermopylis
694 3384 734 3444 ad
745 3383 923 3445 Heracleam
934 3383 1047 3454 movita

57 3485 161 3544 eoque
182 3469 251 3544 ipso
273 3469 339 3548 die,
362 3476 397 3532 ut
411 3471 502 3531 situm
522 3475 666 3530 nosceret
686 3465 787 3542 urbis,
808 3465 847 3524 ab
864 3467 944 3526 omni
959 3475 1046 3543 parte
1132 3481 1137 3490 ·

103 3570 130 3609 τ.
147 3568 209 3611 uror
224 3569 300 3613 rans
312 3555 365 3619 lv.
805 3557 837 3612 16
