2480 3904
242 180 358 276 tttsntt
372 179 492 240 xxxv.
515 179 708 242 effusio.
729 185 887 255 [acum]
993 179 1054 246 att

83 330 164 409 plicis
180 332 287 408 copias
303 331 455 407 peditum,
477 339 507 392 et
520 332 694 392 nominibus
710 347 836 406 quoque
854 328 988 407 gentium
1002 335 1056 394 vix

82 417 167 478 lando
183 416 294 476 auditis
308 415 456 490 terrebat,
471 415 573 478 Dahas
588 415 697 475 Medos
708 415 939 492 Elymaeosque
954 423 985 478 et
999 416 1054 477 cu·

81 501 182 560 dusios
204 500 375 574 appellans.
407 499 560 560 navalium
579 514 654 559 vero
680 497 853 574 copiarum,
880 515 959 575 quas
980 501 1054 562 nulli

81 590 181 658 portus
193 597 306 659 capere
317 583 348 642 in
357 583 486 644 Graecia
497 589 633 658 possent
646 583 788 645 dextrum
797 598 895 644 cornu
907 581 1054 646 Sidonios

81 675 109 727 et
124 667 250 746 Tyrios,
276 666 434 728 sinistrum
456 665 590 728 Aradios
615 673 709 726 etex
728 665 909 743 Pamphylia
930 665 1053 728 Sidetas

80 759 192 824 tenere,
215 766 294 826 quas
315 757 424 825 gentes
444 751 545 810 nullae
558 765 704 825 amquam
718 765 777 810 nec
792 757 856 811 arte
870 765 929 810 nee
943 752 1055 813 virtute

79 835 173 894 navali
185 841 383 911 aequassent.
405 833 466 894 iam
478 833 653 910 pecuniam,
669 835 729 894 iarn
742 833 820 895 alios
834 834 905 894 belli
920 850 1051 910 appara-

79 925 123 978 tus
136 919 252 978 reterre
266 933 531 993 supervacaneum
550 932 637 978 esse:
664 917 745 978 scire
765 918 853 992 ipsos
874 918 1053 981 abundasse

79 1018 196 1076 semper
215 1017 292 1062 aare
311 1014 407 1076 regna
419 1001 524 1062 Asiae.
556 1001 659 1075 itaque
678 1017 740 1063 non
756 1017 824 1062 eum
838 1001 978 1078 Philippo
993 1019 1053 1064 nec

79 1085 241 1146 Hannibale
260 1101 326 1146 rem
347 1086 477 1146 laturam
498 1085 660 1158 Romanis,
687 1085 825 1162 principe
845 1087 940 1147 altero
961 1088 1053 1148 unius

80 1168 218 1242 civitatis,
242 1171 337 1231 altero
351 1167 551 1230 Macedoniae
563 1174 679 1230 tantum
692 1166 779 1244 regni
794 1169 906 1230 linibus
921 1168 1050 1242 incluso,

80 1253 129 1312 sed
154 1268 223 1312 cunr
248 1267 361 1328 magno
382 1253 477 1313 Asiae
501 1253 595 1314 totius
621 1253 778 1329 partisque
799 1251 944 1328 Europae
967 1269 1051 1329 rege.

79 1351 140 1396 eum
154 1343 271 1408 tamen,
287 1353 473 1412 quamquam
487 1336 525 1396 ab
540 1331 653 1402 ultiniis
670 1337 795 1398 orientis
810 1337 946 1398 terminis
961 1337 1002 1397 ad
1016 1337 1051 1396 li-

78 1417 236 1480 berandam
258 1420 416 1480 Graeciam
435 1419 552 1494 veniat,
573 1419 647 1480 nihil
668 1421 825 1496 postulare
846 1421 885 1480 ab
904 1420 1050 1493 Achaeis

79 1500 105 1560 in
126 1519 184 1579 quo
201 1504 284 1565 tides
305 1519 411 1564 eorum
431 1505 583 1566 adversus
601 1506 774 1579 Romanos,
800 1504 919 1580 priores
945 1504 1050 1566 socios

78 1592 161 1660 atque
176 1589 310 1662 amieos,
326 1589 472 1649 laedatur.
495 1589 650 1651 nonenim
661 1595 696 1650 ut
706 1603 811 1650 secum
825 1589 979 1648 adversus
993 1604 1050 1650 eos

79 1683 152 1730 arma
166 1673 303 1747 capiant,
325 1672 382 1732 sed
395 1679 429 1732 ut
442 1675 540 1734 neutri
555 1674 633 1748 parti
648 1687 720 1732 sese
734 1671 921 1748 coniungant
933 1680 1048 1748 petere.

79 1769 176 1826 pacem
191 1756 316 1830 utrique
331 1755 424 1830 parti,-
435 1757 525 1830 -qued
536 1755 655 1817 medios
668 1756 776 1816 deceat
786 1755 913 1830 amicos,
929 1764 1049 1832 optenta

78 1835 148 1898 bello
163 1855 198 1898 se
212 1855 277 1900 non
292 1839 495 1914 interponant.
519 1839 600 1900 idem
615 1840 709 1898 terme
731 1845 762 1900 et
774 1841 952 1900 Aetolorum
967 1842 1048 1916 lega-

79 1927 120 1980 tus
131 1921 336 1983 Archidamus
349 1923 433 2000 petit,
446 1931 488 1996 ut,
505 1937 585 1998 quae
597 1922 739 1983 facillima
750 1929 781 1982 et
793 1922 944 1984 tutissima
955 1932 1048 1998 esset,

80 2003 200 2076 quietern
212 2013 415 2082 praestarent
429 2015 684 2082 spectatoresque
695 2006 765 2066 belli
777 2007 964 2066 fortunarum
976 2007 1051 2066 alie-

78 2102 172 2148 narum
189 2098 332 2150 eventum
348 2090 415 2151 sine
427 2093 490 2152 ullo
506 2090 680 2152 discrimine
693 2105 795 2150 rerum
811 2106 937 2151 suarum
952 2105 1048 2166 oppe-

78 2170 203 2234 rirentur.
237 2183 405 2250 provectus
425 2175 536 2236 deinde
557 2181 606 2236 est
624 2175 856 2251 intemperantia
875 2174 997 2250 linguae
1016 2173 1048 2234 in

77 2255 230 2318 maledicta
256 2274 338 2319 nunc
363 2260 562 2319 communiter
586 2261 793 2322 Romanorum
817 2275 899 2320 nunc
923 2259 1048 2335 proprie

77 2335 166 2411 ipsius
185 2342 332 2417 Quinctii,
358 2343 495 2418 ingratos
515 2343 693 2417 appellans,
719 2351 750 2404 et
770 2342 963 2418 exprobrans
984 2359 1047 2404 non

76 2420 223 2486 victoriam
240 2427 333 2488 modo
349 2427 388 2486 de
400 2425 542 2502 Philippo
554 2427 594 2485 de
606 2427 714 2488 virtute
724 2429 905 2488 Aetolorum
919 2432 1047 2500 partam,

77 2506 125 2564 sed
138 2509 228 2570 etiarn
243 2511 388 2582 salutent,
404 2511 568 2584 ipsumque
583 2515 613 2568 et
627 2509 793 2570 exercitum
808 2525 866 2570 sua
877 2524 971 2583 opera
983 2525 1047 2568 ser-

76 2595 164 2651 vatos.
179 2609 243 2668 quo
255 2595 334 2653 eninr
346 2594 429 2653 illum
440 2609 586 2668 umquam
598 2593 789 2668 imperatoris
801 2591 1047 2653 iunctumoiiicio

76 2681 160 2734 esset
180 2677 392 2752 auspicantem
407 2677 675 2752 immolantemque
689 2682 720 2737 et
731 2682 806 2738 vota
820 2681 1046 2750 nuncupantem

76 2758 231 2822 sacrificuli
245 2762 323 2820 vatis
344 2762 437 2821 modo
458 2762 488 2821 in
511 2761 577 2821 acie
597 2761 730 2832 vidisse,
754 2777 823 2821 curn
843 2761 911 2836 ipse
931 2775 1046 2836 corpus

76 2852 154 2902 suunt
168 2861 227 2920 pro
243 2860 281 2906 eo
301 2845 369 2905 telis
384 2845 518 2906 hostiurn
540 2845 684 2907 obiceret.
715 2845 816 2906 Xle.
847 2845 886 2905 ad
903 2859 939 2904 ea
955 2844 1046 2919 Quin·

76 2923 159 3000 etius,
174 2943 278 2990 eoram
290 2929 403 3004 quibus
414 2931 512 3004 magis
525 2944 617 3006 quarn
629 2931 714 3006 apud
725 2947 805 3005 quos
816 2929 912 2990 verba
923 2931 1046 3004 iaceret,

75 3004 167 3069 dicere
187 3013 405 3074 Archidamum
430 3015 580 3076 rationem
603 3013 759 3074 habuisse.
795 3013 939 3075 Achaeos
966 3014 1046 3074 enim

77 3091 163 3160 probe
177 3096 258 3158 scire
268 3099 447 3160 Aetolorum
464 3112 586 3159 ornnem
601 3099 747 3159 ferociam
761 3097 790 3158 in
804 3097 921 3169 verbis,
936 3113 999 3156 non
1014 3097 1045 3156 in

75 3171 254 3270 stetissem,
278 3183 353 3243 etin
369 3183 505 3243 conciliis
523 3181 622 3258 magis
638 3183 894 3257 contionibusque
908 3197 1000 3254 quarn
1015 3181 1046 3238 in

76 3269 133 3318 acre
147 3277 304 3338 apparere.
335 3264 441 3342 itaque
454 3267 549 3341 parvi
563 3267 758 3328 Achaeorum
782 3263 1045 3338 existimationem,

76 3342 178 3414 quibus
192 3355 283 3409 notos
299 3363 371 3410 esse
387 3365 422 3411 se
438 3349 566 3424 seirent,
582 3351 710 3412 fecisse:
732 3349 839 3424 legatis
851 3348 975 3422 regiset
990 3360 1046 3424 per

75 3433 122 3484 eos
135 3429 252 3492 absenti
267 3432 333 3508 regi
345 3449 416 3494 eurn
427 3449 462 3495 se
473 3435 615 3495 iactasse.
638 3431 763 3510 quodsi
775 3431 845 3508 quis
857 3429 1042 3507 anteaigno·
