2482 3902
281 195 397 259 tinuit
410 196 543 258 xxxiv.
567 197 650 258 ctu.
666 205 709 260 ιο.
725 209 767 262 11.
789 198 817 278 [ι
843 205 876 261 c.
892 203 956 282 ros]
1048 203 1109 274 itt

23 311 25 314 Ι
120 347 274 428 Hispania
287 365 357 422 eum
371 348 529 426 praesidio
544 365 602 412 sex
616 347 746 425 milium,
763 352 835 416 dato
850 353 890 414 ab
904 353 964 432 Ap.
981 353 1108 428 Claudio

119 441 283 512 praetore,
308 433 450 496 celtiberi
474 433 596 512 agmins
620 433 736 512 ingenti
755 435 797 496 ed
817 435 968 513 oppidum
991 437 1108 519 iliturgi

119 524 332 588 occurrerunt.
374 516 481 595 viginti
508 517 592 580 mitia
619 526 807 582 armatorum
835 520 935 584 tuisse
962 523 1108 591 valeniae

118 601 246 673 scribit3
271 602 437 674 duodecim
457 601 541 664 milia
561 619 601 664 ex
621 602 660 666 iis
682 619 795 679 caesa,
821 603 972 682 oppidum
992 607 1108 686 iliturgi

15 718 17 766 ;
116 695 295 764 receptum,
316 694 347 749 et
367 687 503 764 puberes
519 687 618 749 omnis
633 687 822 751 interieetos.
863 689 991 754 indeed
1006 700 1108 760 casua

117 770 247 837 catonis
266 769 395 833 Helvius
416 771 573 848 pervenit,
600 779 631 834 et
651 771 724 849 quia
746 779 811 836 tuta
830 772 892 839 iam
912 775 952 836 ab
966 774 1106 840 hostibus

13 875 15 880 ¹
115 855 206 936 regio
222 863 297 930 crat,
312 854 469 932 praesidio
482 856 514 918 in
525 854 702 919 ulteriorem
711 855 892 934 Hispaniam
906 858 1106 924 remissoRo·

115 957 201 1003 mam
220 948 270 1002 est
289 941 464 1016 protectus,
486 948 517 1003 et
531 941 571 1003 ob
585 957 651 1002 rem
666 940 795 1004 feliciter
807 951 927 1018 gestam
942 959 1040 1007 ovans
1056 961 1106 1008 ur·

115 1026 190 1088 bem
205 1031 254 1086 est
268 1023 440 1098 ingressus.
462 1023 581 1102 argenti
591 1023 697 1088 iniecti
708 1024 816 1088 tulitin
831 1027 983 1090 aerarium
997 1030 1106 1092 decem

116 1117 266 1187 quattuor
279 1107 363 1169 mitia
376 1109 482 1186 pondo
498 1107 694 1187 septingenta
707 1107 829 1185 triginta
843 1110 922 1186 duo,
944 1119 975 1173 et
994 1112 1105 1189 signati

114 1193 292 1270 bigatorum
305 1191 519 1270 septendecim
532 1192 616 1255 milia
630 1191 738 1270 viginti
752 1192 825 1269 tria,
848 1202 879 1256 et
893 1193 1041 1259 Oscensis
1055 1214 1103 1258 er·

116 1277 202 1360 genti
223 1284 346 1340 eentum
370 1275 562 1355 undeuiginti
582 1276 665 1339 milia
682 1276 925 1354 quadringentos
945 1280 1103 1356 undequa-

116 1361 269 1440 draginta.
291 1377 388 1424 causa
397 1360 544 1439 triumphi
554 1360 689 1440 negandi
699 1361 820 1424 senatui
834 1361 891 1424 suit
903 1363 989 1438 quod
1002 1363 1102 1428 aliene

116 1445 260 1524 auspicio
277 1455 308 1508 et
321 1445 353 1507 in
367 1445 468 1509 atiena
482 1445 645 1523 provincia
658 1455 840 1522 pugnasset.
868 1455 1004 1509 ceterum
1018 1447 1103 1510 bien—

116 1529 170 1594 nio
192 1539 266 1608 post
285 1530 434 1604 redierat,
457 1547 528 1593 cum
546 1529 709 1608 provincia
723 1530 902 1592 successori
917 1529 951 1606 Q.
966 1531 1102 1596 Minucio

114 1615 230 1686 tradita
249 1631 364 1678 annum
384 1614 599 1696 insequentem
623 1623 763 1679 retentus
786 1614 829 1678 ibi
849 1616 943 1692 longo
965 1623 996 1678 et
1016 1616 1102 1692 gravi

115 1699 230 1764 ruisset
243 1697 362 1763 morbo.
404 1699 509 1778 itaque
523 1701 646 1764 duobus
660 1700 754 1762 modo
768 1698 928 1762 mensibus
943 1707 1014 1762 ants
1031 1701 1102 1764 Hel-

115 1785 188 1846 vius
205 1801 302 1846 ovans
316 1785 425 1846 urbem
440 1792 488 1846 est
501 1783 677 1860 ingressus,
695 1801 789 1862 quam
802 1800 970 1847 successor
984 1783 1052 1848 eius
1068 1785 1102 1860 0.

114 1867 271 1932 Minucius
285 1867 495 1946 triumpharet.
517 1867 568 1929 iric
580 1885 707 1946 quoque
718 1867 785 1930 tulit
797 1868 916 1945 argenti
930 1870 1036 1945 pendo
1050 1869 1102 1932 tri·

113 1953 201 2032 gintn
209 1961 353 2030 quattuor
363 1951 446 2014 milia
456 1951 640 2030 octingenta,
652 1951 825 2030 bigatorum
839 1954 1034 2030 septuaginta
1045 1954 1102 2018 tria

112 2037 208 2112 mitia,
226 2045 257 2099 et
271 2036 420 2100 Oscensis
434 2037 553 2118 argenti
568 2037 700 2100 ducenta
715 2036 912 2115 septuaginta
926 2045 996 2099 octo
1009 2037 1101 2100 mitia.

199 2121 250 2187 XI.
271 2123 306 2183 ln
321 2120 471 2200 Hispania
485 2119 606 2185 interim
625 2123 736 2184 consui
756 2121 839 2183 haud
859 2123 968 2197 procul
988 2121 1101 2198 unpe-

111 2207 171 2270 riis
186 2215 289 2268 castro
310 2207 453 2269 habebat.
498 2223 535 2268 ao
556 2205 649 2283 legati
665 2215 727 2269 tres
749 2207 788 2268 ab
809 2206 974 2282 Ilergetum
992 2208 1100 2283 regulo

112 2291 279 2366 Bilistage,
300 2291 332 2352 in
347 2290 459 2368 quibus
475 2307 555 2354 unus
570 2291 653 2353 iilius
668 2291 736 2354 cius
751 2299 830 2366 erat,
845 2298 1009 2364 venerunt,
1026 2306 1101 2369 que·

111 2384 220 2438 rentes
236 2375 364 2437 castella
379 2392 436 2437 sua
451 2375 640 2454 oppugnari,
663 2391 720 2437 nec
742 2392 831 2451 spem
850 2375 945 2436 ullam
965 2391 1038 2438 esse
1052 2390 1100 2438 re

113 2457 264 2534 sistendi,
289 2457 350 2520 nisi
371 2459 560 2536 praesidium
580 2461 740 2522 Romanus
761 2457 911 2520 misisset:
938 2458 996 2520 tria
1016 2457 1101 2520 milia

112 2541 244 2608 miiitum
258 2542 334 2605 satis
350 2558 437 2616 esse;
459 2559 517 2606 nec
531 2542 647 2618 hostis,
667 2543 695 2604 si
716 2550 799 2604 unta
818 2559 929 2602 manus
952 2541 1100 2617 venisset,

112 2644 290 2705 mansuros,
332 2627 374 2688 ad
394 2644 432 2690 ea
453 2629 563 2690 consul
576 2626 695 2689 moveri
710 2624 834 2703 quidem
849 2641 884 2688 se
897 2627 948 2687 vel
962 2623 1100 2701 periculo

112 2713 288 2776 eorumvel
303 2711 518 2774 memdicare:
541 2712 597 2774 sed
619 2709 679 2773 sibi
698 2724 897 2788 nequequam
917 2716 1033 2772 tantum
1048 2725 1101 2772 co-

113 2795 236 2876 piarum
250 2813 333 2871 esse,
347 2804 389 2870 ut,
406 2811 475 2859 cum
489 2812 601 2872 magna
616 2794 663 2856 vis
677 2793 813 2857 hostium
826 2793 910 2856 haud
923 2796 1032 2872 procul
1047 2793 1101 2856 ab·

113 2880 170 2955 sit,
192 2889 223 2942 et
244 2897 335 2958 quam
355 2897 429 2943 mox
450 2879 548 2957 signis
569 2878 690 2942 collatis
710 2878 917 2942 dimicandum
933 2877 1017 2942 sitin
1032 2877 1100 2942 dies

111 2973 286 3041 exspectet,
297 2964 465 3028 dividendo
478 2964 647 3026 exercitum
657 2961 794 3027 minuere
805 2971 869 3028 tuto
885 2964 969 3027 vires
980 2972 1100 3041 posset.

113 3048 207 3126 legati
222 3047 275 3118 ubi
288 3047 367 3110 haec
381 3048 573 3123 audiverunt,
586 3047 696 3111 flentes
709 3049 750 3111 ad
761 3066 863 3126 genua
874 3048 1012 3112 consulis
1026 3064 1100 3126 pre-

112 3135 289 3208 volvuntur,
305 3140 403 3207 orant,
419 3151 459 3195 nc
473 3150 509 3195 se
523 3133 555 3194 iu
566 3133 660 3195 rebus
672 3142 734 3196 tam
744 3133 874 3211 trepidis
887 3135 1019 3198 deserat.
1035 3148 1098 3208 quo

111 3217 196 3282 enim
211 3234 261 3291 se,
277 3218 423 3294 repulsos
438 3218 477 3280 ab
491 3217 654 3293 Romanis,
675 3217 794 3281 iturost
814 3219 917 3280 nullos
932 3233 967 3278 se
982 3213 1098 3289 socios,

112 3301 188 3365 nihil
202 3318 337 3379 usquam
351 3300 383 3362 in
397 3301 487 3364 terris
499 3301 583 3363 aliud
597 3301 666 3382 spei
686 3303 810 3365 habere.
839 3299 979 3378 petuisse
994 3313 1028 3361 se
1044 3315 1098 3362 ex-

111 3395 161 3450 tra
175 3385 207 3447 id
223 3385 394 3463 periculum
409 3401 490 3461 esse,
505 3384 533 3449 si
548 3387 701 3448 decedere
715 3387 791 3460 fida,
807 3383 835 3446 si
850 3383 1011 3448 coniurare
1026 3398 1096 3446 cum

111 3470 226 3533 ceteris
242 3470 423 3533 voluissent.
445 3470 537 3534 nuitis
552 3469 652 3545 minis,
674 3469 766 3531 nudis
776 3467 927 3532 terriculis
942 3484 978 3532 so
993 3481 1095 3532 motos
