2482 3900
232 183 348 244 umen
369 182 472 244 xxxi.
497 185 579 246 car.
595 194 638 248 n.
655 194 698 248 n.
721 191 758 260 p.
774 191 884 259 caeo]
1011 183 1049 248 ιι
1150 157 1153 162 ’

65 334 148 400 nucii
163 333 326 412 praetoris,
352 333 402 395 cui
415 333 523 396 Bruttii
537 335 698 412 provincia
709 345 788 400 erat:
810 337 970 414 pecuniam
991 338 1050 400 La-

64 420 126 482 cris
140 435 183 482 cx
197 417 403 494 Proserpinae
421 418 573 481 thesauris
595 429 685 482 nocte
706 422 784 482 clem
805 422 972 498 sublatam,
992 437 1051 484 nec

63 506 103 565 ad
119 520 202 580 quas
218 502 370 578 pertineat
384 501 518 578 lacinus,
532 502 664 580 vestigia
683 506 745 565 idle
759 513 892 568 exstare.
926 505 1051 581 indigne

65 605 182 668 passus
198 595 326 648 senatus
335 603 403 650 'nan
427 586 545 648 cessari
561 588 605 650 ab
623 588 812 665 sacrilegiis,
834 599 865 652 et
884 606 924 651 ue
942 588 1049 651 Plemi-

64 674 151 734 nium
163 669 300 748 quidem,
310 679 376 733 *mm
392 671 507 732 clarum
520 687 695 748 recensque
708 689 811 734 nouae
822 673 912 735 simut
923 689 961 734 ac
975 689 1050 750 poe

65 773 124 817 nae
149 755 342 830 exemplum,
368 753 509 817 homines
527 756 694 818 dolonem
730 757 762 818 C.
782 757 909 819 Aurelia
930 753 1051 818 consuli

65 837 224 916 negabam
235 839 350 911 datum,
365 846 399 899 ut
408 839 453 900 ad
467 848 640 916 praetorem
653 839 684 900 in
695 839 829 904 Bruttios
843 840 991 904 scriberet
1002 855 1051 900 se·

66 921 151 986 natui
168 924 293 998 placere
309 921 522 998 quaestionem
541 925 582 985 de
600 923 745 1001 expilatis
766 923 918 986 thesauris
939 925 1051 985 eodem

65 1007 210 1082 cuemsde
225 1005 339 1078 haberi,
357 1021 420 1082 eun
434 1007 475 1067 Μ.
489 1007 677 1084 Pomponius
692 1017 816 1084 praetor
835 1008 965 1070 triennia
980 1015 1052 1068 ante

65 1089 236 1153 habuisset.
269 1106 352 1166 quae
372 1090 496 1152 invento
516 1092 649 1166 pecunie
663 1102 763 1166 esset,
787 1092 912 1169 reponi,
940 1091 967 1154 si
988 1107 1049 1167 qua

67 1176 169 1237 minus
182 1173 341 1236 inventum
356 1175 442 1248 taret,
458 1175 586 1251 expleri,
601 1191 639 1236 ac
652 1175 829 1251 piacularia„
845 1176 873 1238 si
885 1176 1051 1247 videretur,

70 1260 152 1320 sicut
163 1265 231 1320 ante
245 1257 409 1334 pontifices
424 1258 629 1332 censuissent,
644 1259 720 1320 lieri.
756 1277 860 1321 curam
877 1258 1052 1335 expiandae

70 1341 241 1406 violationis
263 1341 331 1404 eius
352 1342 457 1418 tempti
477 1343 619 1419 prodigia
638 1343 727 1404 etlam
750 1345 808 1404 sub
827 1344 909 1406 idem
930 1352 1051 1416 tempus

67 1427 206 1504 pluribus
220 1425 299 1510 locis
321 1427 456 1488 nuntiata
476 1427 693 1490 accenderunt.
728 1426 759 1488 in
779 1427 911 1489 Lucanis
932 1426 1051 1487 caelum

32 1567 35 1576 ,
67 1511 184 1574 arsisse
194 1509 526 1584 adfercbantl'riuerni
538 1527 649 1574 sereno
662 1527 718 1587 per
727 1511 809 1574 diem
820 1521 915 1574 toturn
924 1510 1051 1571 rubrum

68 1597 166 1657 satem
179 1594 287 1668 tuisse,
301 1594 430 1654 Lanuvii
444 1596 558 1671 templa
567 1595 715 1672 >Sospitae
725 1594 852 1658 Iunonis
868 1602 959 1656 noete
974 1601 1050 1654 stre·

67 1681 163 1756 pitum
188 1677 342 1754 ingentem
357 1687 506 1742 exortum.
542 1679 604 1740 iarn
622 1679 798 1741 animalium
819 1677 947 1742 obsceni
970 1679 1050 1738 lctus

68 1761 207 1840 pluribus
232 1761 310 1823 loeis
335 1762 567 1824 nuntiabantur=
588 1763 619 1824 in
641 1762 763 1826 Sabinis
789 1763 924 1824 incertus
949 1760 1050 1822 intans

68 1855 157 1908 natus
170 1847 328 1908 masculus
342 1863 382 1907 an
397 1846 509 1908 lomina
524 1855 622 1921 esset,
644 1849 724 1910 alter
745 1845 903 1909 sexdecim
923 1845 984 1906 iem
997 1861 1050 1904 an-

67 1947 176 1992 norum
191 1929 263 1992 item
278 1929 421 2006 ambiguo
434 1947 513 1992 sexu
523 1929 681 2004 inventus;
694 1931 866 1992 Frusinone
876 1944 1051 2006 agnuscam

68 2014 158 2076 suillo
175 2013 284 2090 capite,
299 2010 467 2077 Sinuessae
481 2029 597 2090 porcus
613 2029 681 2076 cum
696 2015 796 2091 capite
807 2014 941 2075 humano
952 2019 1053 2086 natus,

68 2099 97 2159 in
112 2097 247 2160 Lucanis
261 2096 292 2158 in
314 2115 389 2174 agro
412 2099 536 2174 publico
562 2101 687 2160 eculeus
714 2115 783 2160 cum
807 2097 944 2174 quinque
966 2091 1052 2171 pedi·

67 2185 137 2245 bus.
172 2182 265 2244 foeda
281 2181 382 2244 omnia
397 2191 428 2244 et
448 2183 598 2244 deformia
613 2181 806 2258 crassusque
826 2181 855 2242 in
875 2181 993 2242 alienos
1009 2179 1052 2238 le

69 2276 116 2328 tus
131 2273 260 2328 naturae
273 2266 354 2327 visa:
370 2275 441 2328 ante
456 2267 560 2338 omnia
575 2265 741 2328 abominati
756 2264 945 2338 semimares,
961 2260 1052 2325 iussi-

71 2351 175 2427 quein
190 2366 276 2410 mere
290 2351 444 2426 extemplo
460 2351 631 2426 deportari,
653 2349 733 2412 sic'ut
753 2349 895 2426 proximo
917 2349 949 2410 c.
965 2349 1052 2408 Clau-

72 2435 119 2496 dia
133 2433 176 2494 Μ.
189 2433 278 2494 Livio
293 2433 474 2495 consulibus
489 2435 667 2511 deportatus
690 2433 798 2496 similis
818 2431 952 2509 prodigii
973 2433 1053 2491 letus

71 2527 141 2580 crat.
179 2516 275 2578 nihile
290 2515 392 2578 minus
413 2517 606 2580 decemviros
628 2518 713 2578 adire
733 2517 829 2578 librae
851 2517 891 2576 de
910 2521 1053 2591 portento

70 2619 106 2662 ec
131 2601 300 2663 iusserunt.
338 2601 504 2662 decemviri
529 2619 570 2662 ex
598 2599 683 2662 libris
707 2616 759 2661 ree
781 2599 902 2659 divinas
918 2598 1054 2669 easdem,

72 2701 149 2762 quae
163 2683 307 2762 proxime
322 2687 493 2746 secuudum
506 2685 539 2746 id
554 2683 729 2764 prodigium
744 2683 842 2743 laetae
857 2689 977 2755 essent,
999 2679 1054 2740 im-

72 2778 224 2844 perarant.
261 2783 384 2830 carmen
413 2777 572 2844 praetcrea
596 2769 635 2830 ab
661 2777 707 2830 ter
730 2765 859 2829 novenis
885 2764 1055 2842 virginibus

73 2853 139 2914 cani
154 2870 213 2928 per
225 2854 333 2914 urbem
347 2853 512 2926 iusserunt,
527 2854 705 2928 denumque
715 2851 825 2912 iunoni
835 2850 961 2928 reginae
973 2849 1054 2912 ferri.

73 2953 108 2996 ea
130 2937 175 2998 uti
200 2937 324 3010 fierent,
351 2937 384 2998 C.
402 2937 546 2998 Aurelius
560 2938 673 3000 consul
688 2952 728 2998 ex
743 2935 988 2998 decemvirorum
1006 2949 1054 2994 re·

74 3036 189 3095 sponso
205 3020 332 3083 curavit.
368 3037 507 3094 carmon,
533 3021 612 3083 sicat
631 3029 752 3097 panum
772 3018 920 3081 memoria
938 3017 1051 3086 Livius.

73 3102 189 3166 ilatum
205 3105 342 3166 condidit
354 3105 386 3164 Ρ.
400 3103 537 3166 Licinius
552 3105 675 3181 Tegula.

151 3189 230 3249 Xlil.
257 3188 397 3264 Expiatis
414 3189 555 3250 omnibus
575 3187 777 3264 religionibus
802 3223 844 3234 --
869 3202 940 3248 uam
966 3182 1055 3243 etiam

75 3269 176 3333 Locris
192 3271 388 3348 sacrilegium
403 3271 644 3349 pervestigatum
658 3273 696 3334 ab
713 3271 747 3346 Q.
761 3271 896 3331 Minucio
912 3273 986 3339 erat,
1001 3281 1055 3341 pe-

77 3355 224 3432 cantuque
237 3371 278 3417 ex
291 3355 383 3418 banis
399 3356 562 3418 noxiorum
576 3357 607 3417 in
618 3357 783 3418 thesauros
794 3351 975 3429 reposita-
986 3365 1055 3410 cum

78 3442 217 3502 eonsules
231 3439 262 3501 in
278 3440 455 3516 provincias
471 3439 628 3516 proficisci
643 3442 770 3514 vellent,
786 3434 897 3514 privati
912 3435 1056 3511 lrcquen=
