2480 3904
257 231 519 292 llBEltxxxvl.
544 234 626 294 cdl).
641 245 665 296 a.
679 245 706 298 a.
729 241 766 310 [a.
778 242 811 295 c.
823 241 883 307 191]
995 235 1058 300 ita

80 383 126 443 sis
142 390 298 456 evenerat,
314 383 435 458 triginta
449 385 578 444 navibus
592 385 705 460 paratis
717 385 846 445 traicere
858 385 888 444 in
900 385 1058 446 Graeciam

79 467 179 541 primo
201 465 325 542 quoque
344 475 483 542 tempore
503 469 622 542 iussus,
648 475 678 528 et
696 467 735 528 ab
750 469 841 529 Atilio
862 485 958 529 naves
978 471 1058 530 acci-

77 565 164 626 pere.
186 558 307 610 veteres
322 566 434 624 naves,
450 553 574 627 quaein
589 552 750 614 navalibus
765 559 859 626 erant,
873 559 907 613 ut
919 552 1060 614 reliceret

77 641 110 695 et
123 640 268 706 armaret,
290 634 329 694 Μ.
346 635 432 696 lunio
453 635 586 710 praetori
606 636 761 710 negotium
776 636 879 697 datum
894 642 956 710 est,
977 645 1008 696 et
1027 637 1058 696 in

77 733 147 778 earn
163 720 295 778 classem
310 719 414 778 socios
431 721 558 779 navales
573 719 731 780 libertinos
745 721 867 794 legeret.
896 720 946 779 111.
967 721 1059 794 legati

76 802 157 862 terni
178 803 207 861 in
228 803 362 862 Africam
383 803 423 863 ad
442 803 706 877 Carthaginienses
727 810 758 863 et
778 804 808 862 in
828 803 999 864 Numidiam
1019 805 1060 866 ad

76 886 263 946 frumentum
274 887 454 961 rogandum,
463 887 548 962 quod
558 888 588 946 in
597 887 756 946 Graeciam
767 895 947 963 portaretur,
954 889 1058 958 missia

77 985 137 1045 pro
155 985 217 1046 qno
233 971 361 1044 pretium
376 972 510 1031 solveret
525 973 659 1046 populus
673 971 840 1032 Romanus.
869 973 1012 1048 adeoque
1026 972 1057 1032 in

76 1061 261 1130 apparatum
276 1069 442 1130 curamque
457 1055 523 1115 eius
539 1055 611 1114 belli
632 1055 740 1114 civitas
759 1055 873 1116 intenta
887 1055 955 1126 luit,
980 1063 1013 1116 ut
1026 1056 1057 1115 P.

76 1139 239 1200 Cornelius
254 1140 364 1199 consul
378 1139 525 1214 ediceret,
549 1138 601 1214 qui
616 1145 775 1198 senatores
790 1146 909 1211 essent,
932 1139 1057 1214 quibus·

76 1237 141 1298 que
155 1222 186 1282 in
203 1229 311 1282 senatu
326 1223 505 1282 sententiam
521 1223 623 1282 dicere
644 1222 763 1292 liceret,
785 1221 901 1298 quique
922 1223 1058 1283 minores

75 1307 274 1380 magistratus
290 1314 409 1380 essent,
424 1322 463 1366 ne
479 1307 548 1382 quis
563 1322 668 1368 eornm
684 1306 805 1381 longius
820 1307 859 1366 ab
873 1303 950 1366 urbe
961 1306 1059 1366 Roma

75 1391 177 1450 abiret
189 1405 280 1466 quam
289 1389 372 1450 unde
383 1406 421 1450 eo
436 1391 486 1450 die
496 1390 598 1450 redire
608 1397 732 1466 posset;
756 1395 1058 1466 neveunotempore

76 1476 217 1550 quinque
229 1480 389 1534 senatores
400 1474 438 1534 ab
449 1473 791 1535 urbeRomaabessent.
807 1475 1058 1548 incomparanda

75 1557 207 1633 impigre
229 1559 329 1618 classe
350 1558 380 1618 C.
394 1554 511 1618 Livium
532 1566 705 1634 praetorem
728 1557 880 1621 contentio
902 1564 968 1618 orta
988 1573 1057 1619 cnm

75 1640 198 1702 colonis
218 1642 373 1705 maritimis
395 1643 553 1718 paulisper
575 1643 676 1703 tenuit.
703 1657 773 1702 nam
792 1658 861 1703 cum
874 1649 1058 1718 cogerentur

74 1727 103 1784 in
121 1726 271 1800 classem,
286 1725 426 1787 tribunos
440 1727 523 1801 plebi
536 1722 742 1802 appellarunt:
764 1727 803 1786 ab
816 1727 854 1796 iis
866 1727 905 1786 ad
917 1734 1056 1788 senatum

74 1810 183 1870 reiecti
198 1815 278 1870 sunt.
307 1817 432 1870 senatus
448 1811 488 1870 ita
501 1817 536 1870 ut
549 1812 589 1870 ad
602 1827 696 1870 unum
712 1826 818 1870 omnes
840 1813 1055 1890 consentirent,

75 1893 215 1954 decrevit
227 1893 413 1954 vacationem
425 1895 470 1953 rei
481 1895 598 1954 navalis
610 1895 654 1954 eis
667 1895 785 1954 colonis
797 1911 858 1954 non
871 1909 951 1954 esse.
973 1893 1057 1954 Ostia

75 1985 104 2037 et
115 1977 277 2052 Fregenae
291 1987 322 2038 et
334 1977 471 2038 Castrum
486 1994 599 2038 novum
618 1987 648 2038 et
657 1977 750 2056 Pyrgi
765 1985 795 2038 et
803 1977 927 2038 Antium
941 1983 971 2036 et
984 1979 1055 2037 Tar-

74 2063 184 2122 racina
198 2067 229 2120 et
242 2061 412 2122 Minturnae
426 2069 456 2122 et
470 2061 620 2122 Sinuessa
634 2063 770 2136 luerunt,
789 2077 869 2137 quae
885 2075 953 2122 cum
968 2075 1055 2136 prae-

75 2153 142 2206 tore
159 2145 373 2207 devocatione
394 2153 595 2207 certaverunt.
616 2148 733 2207 ‘consul
748 2147 860 2206 deinde
874 2144 924 2204 Μ’.
939 2145 1056 2204 Acilius

75 2245 113 2288 ex
129 2237 260 2291 senatus
276 2231 416 2292 consulto
433 2229 472 2290 ad
484 2231 645 2306 collegium
658 2231 803 2291 fetialium
813 2229 941 2304 rettulit,
956 2229 1057 2304 ipsine

74 2313 185 2390 utique
198 2313 263 2388 regi
274 2313 425 2376 Antiocho
440 2315 625 2375 indiceretur
637 2315 765 2389 bellum,
780 2331 818 2375 an
834 2314 910 2374 satis
922 2319 1007 2374 esset
1017 2313 1057 2372 ad

76 2397 268 2470 praesidium
283 2398 406 2473 aliquod
423 2398 488 2458 eins
500 2399 654 2466 nuntiare;
677 2405 791 2458 etnam
802 2398 919 2458 Aetolis
933 2410 1057 2471 quoquc

75 2481 244 2556 separatim
258 2481 350 2540 indici
365 2482 505 2542 iuberent
522 2482 650 2551 bellum;
673 2488 704 2540 et
723 2497 795 2541 num
816 2481 902 2555 prius
924 2479 1056 2538 societas

76 2565 120 2624 eis
142 2571 176 2625 et
195 2565 327 2625 amicitia
344 2566 547 2625 renuntianda
566 2571 652 2624 esset
672 2580 763 2640 quam
787 2564 900 2623 bellum
921 2561 1056 2621 indicen-

74 2648 160 2709 dum.
177 2648 295 2709 latiales
306 2651 535 2725 responderunt
545 2648 604 2708 iarn
616 2654 687 2708 ante
698 2663 854 2720 sesanam
867 2645 1056 2720 dePhilippo

75 2733 326 2806 considerentur,
342 2733 520 2794 decrevisse
535 2731 608 2792 nihil
622 2733 751 2806 relerre,
768 2732 827 2808 ipsi
844 2743 1001 2790 caraman
1017 2729 1057 2788 ad

74 2815 267 2892 praesidium
278 2817 475 2878 nuntiaretur.
493 2817 653 2878 amicitiam
664 2817 865 2876 renuntiatam
874 2812 980 2886 videri,
988 2829 1057 2874 curn

74 2901 186 2976 legatis
207 2901 319 2962 totiens
339 2901 549 2977 repetentibus
569 2916 620 2961 res
643 2915 700 2960 nec
722 2901 811 2960 reddi
831 2915 889 2960 nec
914 2897 1058 2960 satisfieri

75 2999 212 3060 aequum
228 2985 431 3046 censuissent.
459 2987 588 3048 Aetolos
603 2986 681 3046 ultro
696 2984 755 3044 sibi
769 2985 883 3044 bellum
896 2982 1057 3056 indixisse,

76 3083 146 3128 cum
162 3069 386 3130 Demetriadem
403 3070 558 3130 sociorum
572 3069 680 3129 urbem
695 3084 751 3144 per
764 3069 825 3128 vim
840 3072 1056 3142 occupassent,

76 3151 255 3212 Chalcidem
270 3160 351 3213 terra
365 3153 504 3229 marique
520 3159 730 3229 oppugnatum
743 3149 854 3225 issent,
874 3163 979 3222 regem
993 3152 1055 3210 An·
1084 3154 1086 3158 '

75 3235 211 3296 tiochum
227 3237 258 3296 in
270 3237 426 3312 Europam
448 3239 488 3297 ad
507 3238 620 3298 bellum
641 3237 757 3312 populo
772 3237 911 3297 Romano
926 3235 1057 3292 inleren-

76 3319 151 3380 dmn
164 3321 384 3382 deduxissent.
407 3321 548 3382 omnibus
564 3319 623 3381 iam
641 3319 716 3380 satis
728 3319 912 3394 comparatis
924 3314 974 3375 Μ’.
986 3315 1057 3374 Aoi-

77 3404 137 3464 lius
146 3406 254 3464 consul
261 3405 365 3479 edixit,
374 3413 406 3466 nt
414 3405 694 3481 quosL.Quinctins
702 3404 811 3463 milites
820 3399 1059 3475 conscripsisset

77 3496 106 3548 et
123 3505 203 3563 quos
219 3487 313 3550 sociis
329 3490 506 3564 nominique
519 3488 625 3549 Latino
640 3489 838 3563 imperasset,
855 3500 935 3560 quos
952 3497 1057 3544 secum
