2480 3904
240 221 355 280 LIBER
368 221 489 280 xxxv.
511 221 594 282 cap.
607 231 651 282 no.
664 232 707 283 nr.
724 230 759 296 [ι.
772 227 804 282 c.
818 230 879 296 ror]
987 225 1048 290 211

68 367 225 444 anctius
242 378 271 430 et
286 370 338 430 Cn.
353 371 501 431 Domitius
518 371 662 432 eonsules
677 374 706 432 in
726 373 902 448 provincias
918 379 1048 452 protecti

66 463 152 526 sunt,
181 453 338 526 Quinctius
364 455 393 513 in
418 455 561 529 Ligures,
592 455 741 517 Domitius
766 459 916 520 adversus
941 461 1046 522 Boios.

64 537 133 598 Boii
151 539 348 612 quieverunt;
371 545 464 612 atque
483 539 572 599 etium
594 546 719 600 senatus
739 556 845 602 eorum
860 559 929 604 oum
943 545 1046 606 tiberis

65 629 96 681 et
107 621 256 696 praefecti
268 637 336 681 oum
348 623 484 696 equitatu
493 639 666 684 —summa
678 625 811 686 omnium
822 627 905 686 mille
915 634 946 688 et
961 629 1047 703 quin-

64 705 148 780 genti
162 735 206 747 -
220 706 340 766 consuti
362 705 544 767 dediderunt
558 721 639 768 sese.
667 707 706 768 ab
720 710 815 770 attero
832 712 960 770 consule
973 727 1049 787 ager

64 789 211 864 Ligurum
224 790 284 850 late
299 797 348 850 est
361 795 499 850 vastatus
514 793 702 866 castellaque
717 792 832 868 aliquot
844 802 950 870 captu;
965 796 1048 855 unde

64 889 127 934 non
144 873 261 948 praeda
274 873 368 934 modo
384 873 483 934 omnis
497 875 619 949 generis
636 891 706 936 cum
720 878 850 951 captivis
865 885 967 952 partu,
990 879 1048 938 sed

63 955 184 1032 recepti
199 972 324 1032 quoque
339 957 456 1033 aliquot
470 957 553 1018 cives
566 957 720 1033 sociique,
740 959 792 1034 qui
804 960 834 1020 in
845 960 979 1022 hostium
990 977 1047 1037 po-

65 1049 178 1102 testate
190 1041 319 1102 merant.
334 1042 444 1102 eodem
456 1040 517 1102 hoc
528 1041 767 1103 annoVibonem
781 1045 902 1104 colonia
913 1045 1047 1106 deducta

63 1133 115 1186 est
125 1141 166 1184 ex
178 1133 305 1186 senatus
317 1127 455 1186 consulto
467 1125 612 1201 plebique
624 1127 711 1186 seito.
730 1127 787 1186 tria
797 1127 880 1188 mitia
890 1135 921 1188 et
931 1129 1044 1203 septin-

62 1210 150 1285 genti
165 1209 286 1284 pedites
309 1209 423 1281 ierunt,
445 1209 571 1270 trecenti
593 1209 724 1284 equites.
747 1211 896 1270 triumviri
909 1211 1046 1271 deduxe-

60 1302 136 1355 runt
156 1309 211 1355 cos
233 1293 266 1367 Q.
286 1294 419 1354 Naevius
443 1293 484 1353 M.
505 1293 657 1354 Minucius
677 1293 717 1353 M.
739 1293 850 1356 Furius
873 1293 1046 1370 Crassipes.

64 1379 163 1454 quina
177 1379 256 1438 dena
271 1379 376 1453 iugera
389 1379 455 1452 egri
470 1379 541 1438 data
555 1380 586 1438 in
605 1377 743 1454 singulos
759 1379 879 1454 pedites
894 1387 973 1450 sunt,
991 1380 1046 1442 du·

63 1465 140 1541 plex
159 1462 263 1538 equiti.
292 1462 477 1522 Bruttiorum
498 1462 638 1537 proxime
651 1463 751 1523 iuerat
764 1477 854 1538 agen
873 1463 981 1523 Bruttii
997 1479 1046 1523 ce-

61 1554 177 1622 perant
191 1547 230 1606 de
246 1546 380 1606 Graecis.
403 1545 520 1606 Romae
535 1563 592 1622 per
612 1547 692 1606 idem
706 1553 829 1622 tempus
845 1547 906 1608 duo
922 1544 1047 1607 maximi

61 1634 189 1691 fuerunt
206 1637 356 1704 terrores,
378 1630 511 1691 diutinus
531 1633 608 1691 atter
631 1631 688 1692 sed
709 1631 849 1706 segnior:
876 1639 959 1692 terra
979 1631 1046 1691 dies

62 1714 376 1792 duodequadraginta
390 1715 492 1775 movit.
515 1731 571 1790 per
585 1715 711 1776 totidem
726 1715 792 1776 dies
808 1716 903 1776 feriae
916 1717 947 1774 in
963 1715 1046 1776 solli·

62 1798 200 1860 citudine
215 1815 252 1858 ac
266 1805 348 1859 metu
363 1799 464 1867 tuere;
488 1799 518 1856 in
532 1799 663 1858 triduum
679 1798 745 1858 eius
759 1800 803 1858 rei
819 1815 915 1859 causa
929 1799 1045 1874 suppli-

62 1884 145 1944 catio
160 1883 263 1942 hubitu
277 1890 332 1942 est.
355 1884 405 1942 illc
419 1899 481 1943 non
493 1897 590 1957 pavor
602 1898 716 1956 vanus,
732 1883 789 1942 sed
799 1897 873 1941 vera
883 1885 1046 1943 multorum

62 1967 173 2027 clades
188 1967 258 2026 tuit=
280 1965 424 2026 incendio
436 1983 455 2026 a
466 1967 533 2027 toro
547 1965 679 2026 Bovario
693 1973 759 2026 orto
772 1964 852 2026 diem
863 1973 1047 2040 noctemque

62 2050 209 2111 aedificia
221 2050 251 2108 in
262 2050 393 2110 Tiberim
404 2060 497 2110 versa
508 2065 626 2122 arsere,
639 2050 847 2125 tabernaeque
860 2063 966 2108 omnes
979 2063 1047 2108 cum

60 2135 168 2210 magni
185 2134 273 2209 pretii
287 2134 440 2195 mercibus
456 2134 733 2209 conflagraverunt.

149 2219 225 2278 XLI.
248 2219 311 2278 lam
326 2219 390 2278 tere
405 2219 435 2277 in
450 2217 533 2278 exitu
548 2233 647 2277 annus
665 2226 745 2291 erat,
766 2225 796 2278 et
815 2216 845 2276 in
867 2215 934 2277 dies
949 2216 1047 2292 magis

63 2305 147 2364 tama
162 2303 202 2362 de
216 2301 358 2363 Antiochi
374 2303 454 2364 bello
469 2309 500 2362 et
515 2318 587 2362 euru
599 2303 736 2377 patribus
748 2302 922 2361 crescebat=
944 2299 1048 2374 itaque

63 2389 103 2448 de
117 2386 286 2462 provinciis
299 2385 526 2460 designatorum
537 2385 782 2458 magistratuum,
796 2401 857 2458 quo
870 2384 1047 2444 intentiores

62 2480 173 2532 essent
188 2485 311 2544 omnes,
332 2469 438 2544 agitari
454 2475 596 2544 coeptum
612 2475 668 2528 est.
696 2469 863 2528 decrevere
883 2473 917 2526 ut
936 2479 1047 2525 consu·

62 2556 146 2616 tibus
161 2554 248 2615 Italia
262 2561 293 2614 et
308 2567 368 2628 quo
385 2560 511 2613 senatus
526 2552 700 2612 censuisset
716 2585 753 2594 -
769 2549 829 2609 iam
844 2563 916 2608 esse
936 2549 1049 2608 bellum

63 2640 221 2699 adversus
233 2636 416 2698 Antiochum
429 2651 533 2712 regem
547 2649 654 2696 omnes
668 2634 806 2694 sciebant
820 2665 856 2676 -
872 2631 1051 2706 provinciae

62 2729 183 2784 essent.
206 2722 293 2782 ouius
306 2735 343 2780 ee
354 2737 424 2780 sors
436 2727 530 2794 esset,
542 2725 685 2795 quattuor
696 2716 926 2792 miliapeditum
938 2713 1050 2775 civium

60 2808 276 2868 Romanorum
292 2812 322 2864 et
335 2806 463 2866 trecenti
484 2804 619 2880 equites,
641 2819 698 2864 sex
717 2801 800 2860 milia
821 2801 940 2861 socium
953 2799 1051 2859 Latini

62 2891 201 2952 nominis
217 2905 287 2950 cum
300 2889 530 2964 quadringentis
544 2888 697 2964 equitibus
709 2892 781 2947 sunt
791 2886 924 2946 decreta.
943 2899 1051 2944 eorum

62 2975 213 3036 dilectum
229 2973 344 3033 habere
358 2973 391 3032 L.
408 2973 565 3046 Quinctius
581 2973 689 3032 consul
704 2971 824 3042 iussus,
841 2985 882 3030 ne
898 2969 971 3042 quid
985 2983 1050 3026 mo·

61 3067 202 3134 raretur,
225 3074 287 3134 quo
303 3057 403 3116 miuus
419 3059 533 3136 consul¹
549 3071 665 3130 novus,
688 3072 749 3130 quo
772 3061 898 3114 senatus
913 3050 1051 3112 censuis-

62 3149 129 3216 set,
147 3144 305 3218 extempio
321 3141 476 3216 proficisci
492 3147 610 3216 posset.
632 3140 704 3198 item
718 3139 757 3198 de
778 3136 945 3213 provinciis
963 3149 1051 3210 prae·

61 3235 167 3288 torum
184 3227 340 3288 decretum
355 3233 417 3299 est,
444 3223 594 3300 primunt
614 3239 684 3283 sors
706 3223 801 3294 duae,
821 3221 1002 3292 urbanaque
1023 3223 1054 3311 et

62 3312 146 3370 inter
159 3311 237 3372 civis
249 3326 286 3370 ac
298 3309 479 3386 peregrinos
491 3306 660 3369 iurisdictio
673 3313 772 3376 esset,
788 3303 925 3364 secunda
935 3301 1052 3370 Bruttn,

62 3395 158 3457 tertia
171 3395 297 3468 ciassIs,
312 3399 347 3454 ut
357 3393 515 3468 navigaret
527 3407 589 3468 quo
601 3397 726 3451 senatus
740 3385 926 3458 censuisset,
944 3388 1053 3460 quartu

64 3478 189 3553 Sicilia,
207 3475 313 3555 quintu
327 3476 483 3550 Sardinia,
500 3483 589 3536 sexta
601 3473 751 3549 Hispania
764 3473 900 3614 Ultffm'
922 3469 1053 3544 impera·

789 3566 802 3616 1
