2482 3902
249 243 364 306 LIBER
375 244 507 310 XXXIII.
530 244 612 306 CAP.
628 253 729 310 1213.
752 253 788 322 [a.
801 253 833 306 0.
849 255 910 322 197]
1023 251 1063 314 93

77 394 310 471 colloquiisque
332 396 372 458 dc
390 395 624 462 condicionibus
638 397 726 472 pacis
741 413 879 474 semper,
901 415 963 460 non
977 407 1012 462 ut
1024 403 1064 462 ad

78 479 322 542 internecionem
332 479 505 552 bellaretur,
519 480 715 556 disseruisse,
728 482 930 557 etRomanos,
942 492 1064 559 praeter

77 563 322 625 vembsslmum
342 577 459 626 morem
478 564 568 627 victis
591 565 754 640 parcendi,
782 566 983 642 praecipuum
1002 570 1063 630 cle-

77 647 213 708 mentiae
233 647 449 712 docmnentum
471 647 597 712 dedisse
618 664 695 722 pace
709 649 873 710 Hannibali
894 657 924 710 et
939 650 1063 712 Cartha·

77 731 271 806 giniensibus
287 732 370 792 data.
405 731 544 795 omittere
558 748 594 794 se
610 731 891 807 carthaginiensem
912 750 980 796 cum
993 733 1062 796 Phi-

78 817 168 892 lippo
180 816 252 890 ipsc
269 815 413 890 quotieas
425 822 550 878 ventum
563 815 595 878 in
610 817 818 892 coloquiumr
839 832 896 878 nec
908 833 1061 895 umquam,

78 907 111 959 ut
123 900 365 973 cederctregno,
382 905 483 962 ectum
494 913 575 965 esse.
598 915 637 960 nn
649 901 832 975 quiavictns
842 901 961 978 proelio
974 903 1062 978 lorot,

79 983 266 1058 inexpiabile
290 983 401 1047 bellum
428 983 562 1047 factumn
594 999 664 1046 cum
691 992 807 1048 armato
828 984 918 1046 hoste
942 985 1061 1050 infestis

78 1068 189 1128 animis
200 1066 478 1134 eoncnnideberm
493 1068 644 1130 adversus
651 1068 750 1130 victos
757 1067 949 1130 mitissimum
957 1087 1061 1145 quem-

80 1166 141 1225 quc
162 1149 300 1212 ennianum.
316 1149 483 1214 maximum
502 1150 626 1216 habore.
659 1150 788 1214 libertati
804 1151 950 1213 Graeciae
963 1154 1061 1214 videri

78 1249 189 1308 graues
211 1231 414 1298 Macedonum
432 1250 533 1310 repes.
571 1235 598 1295 si
618 1250 746 1310 regnum
766 1251 907 1311 gensque
928 1237 1059 1314 tollatur,

76 1318 213 1380 Thracas
226 1317 357 1396 illyrios,
371 1318 474 1382 Gallos
490 1319 611 1391 deinde,
626 1325 734 1393 gentes
749 1320 832 1380 leros
843 1326 874 1383 et
886 1319 1060 1395 indomitas.

77 1403 108 1460 in
122 1399 337 1465 Macedoniam
357 1417 392 1462 se
413 1409 444 1463 et
457 1404 487 1465 in
504 1402 663 1464 Graeciam
675 1401 838 1467 effusurus.
867 1418 907 1464 ne
920 1404 1061 1480 proxima

79 1499 223 1560 quaeque
243 1485 416 1549 nuntiando
436 1485 604 1551 maioribus
618 1487 876 1564 grevimibusque
890 1488 1006 1550 aditum
1020 1489 1061 1549 cd

78 1585 113 1629 se
134 1569 281 1632 lacerent,
315 1569 469 1633 interfanti
489 1571 600 1638 deinde
612 1569 773 1634 Phaeneae
787 1573 922 1648 praetori
935 1573 1059 1634 Aetolo·

75 1669 152 1727 rum,
165 1650 411 1731 testificantium,
424 1655 452 1714 si
466 1657 593 1730 elapsus
605 1671 642 1716 ec
654 1661 792 1732 tempore
801 1655 959 1731 Philippus
971 1656 1063 1731 foret,-

76 1753 150 1798 mox
163 1737 288 1812 gravius
302 1752 372 1799 euru
385 1738 610 1813 rebelleturum‚
625 1739 784 1814 „desistite
795 1741 999 1813 tumultuari,“
1014 1741 1059 1800 in·

78 1823 144 1897 quit
157 1821 232 1895 „ubi
247 1823 483 1886 consultandum
496 1829 553 1882 est.
585 1839 647 1886 non
661 1823 699 1884 iis
715 1823 947 1885 condicionibus
962 1825 1058 1900 illiga·

75 1905 156 1966 bitur
169 1921 243 1980 pax,
258 1911 292 1966 ut
304 1921 429 1974 movere
443 1905 556 1974 bellum
570 1907 700 1982 possit.“

159 1989 241 2052 xiil.
261 1989 328 2053 Hoc
343 1990 470 2053 dimisso
483 1991 615 2056 coneilio
624 1998 750 2066 postero
762 1989 880 2050 dienen
890 1991 929 2050 ad
941 1992 1056 2066 lauces,

76 2087 157 2150 puae
177 2073 282 2137 terunt
298 2074 330 2136 in
343 2074 457 2149 Tempe
466 2106 510 2122 -
520 2073 548 2134 is
562 2075 652 2138 datus
666 2081 732 2136 erat
744 2076 833 2138 locus
849 2075 1004 2150 colloquio
1015 2105 1058 2118 -

74 2157 169 2230 venit,
180 2159 270 2218 tertio
283 2157 334 2219 dic
345 2157 434 2220 datur
444 2158 687 2222 eihomanorum
697 2175 734 2220 ec
745 2159 900 2220 sociorum
912 2159 1057 2234 frequens

72 2241 249 2304 concilimn.
271 2241 313 2301 ihi
326 2240 487 2317 Philippus
501 2258 650 2318 perquam
664 2243 830 2318 prudenter
843 2243 890 2318 iis,
907 2243 974 2304 sine
990 2242 1056 2318 qui·

75 2326 1057 2402 bus-pasimpatrarireppuleratsuapotiusvoluntnteomissls

73 2425 167 2486 qnam
189 2409 365 2472 altercando
387 2417 656 2490 extorquerentnr,
678 2426 758 2486 quae
777 2411 881 2486 priore
902 2410 1056 2486 coloquio

72 2501 125 2556 aut
144 2493 297 2569 insperata
317 2509 336 2554 a
355 2495 501 2559 Romanis
522 2502 574 2556 aut
593 2495 747 2570 postulata
766 2495 806 2554 ab
827 2494 920 2554 scolis
942 2501 1058 2566 essent,

74 2577 183 2640 omnin.
203 2593 242 2642 se
264 2577 451 2650 concedere,
482 2579 657 2640 decoloris
685 2576 806 2638 senatui
833 2577 1057 2652 permissurum

72 2661 161 2724 dixit
191 2676 376 2737 qumquam
393 2663 445 2723 vel
456 2661 678 2735 inimicissimis,
690 2659 832 2723 omnihus
847 2659 1056 2734 praeclusisse

71 2760 185 2806 vocem
198 2744 376 2819 videbatur,
388 2745 546 2808 Phaeneas
561 2753 662 2806 tamen
676 2744 805 2809 Aetolus
821 2743 939 2806 cunctis
952 2750 1053 2806 moen·

71 2830 159 2890 tibus
177 2829 295 2904 „qmda
320 2830 430 2892 nobis“
450 2831 549 2906 inquit
566 2829 740 2906 ‚‚Philippe‚
766 2829 914 2890 reddisne
933 2829 1055 2888 tandem

70 2911 253 2974 Pharsaluna
274 2919 305 2974 et
323 2913 462 2978 Larisam
477 2915 651 2976 Cremasten
673 2921 702 2974 et
720 2913 869 2976 Echinum
891 2920 921 2974 et
935 2911 1054 2972 Thebas

70 2996 239 3058 Phthiase⁴⁴
261 3012 331 3060 cum
345 2997 506 3074 Philippus
518 2999 592 3058 nihil
606 2997 721 3062 morari
734 2997 857 3073 diceret,
877 3013 938 3074 qno
954 2997 1055 3060 minus

70 3080 261 3156 reciperent,
288 3082 471 3158 disceptatio
495 3081 574 3144 inter
598 3083 813 3158 imperatorem
833 3084 1004 3144 Romanum
1025 3088 1056 3140 et

70 3167 207 3226 Aetolos
226 3173 292 3226 orta
306 3172 355 3225 est
368 3167 407 3226 dc
421 3166 550 3229 Phebisz
572 3183 643 3228 nam
658 3183 714 3228 cas
727 3167 836 3244 populi
846 3165 975 3228 Romani
988 3165 1054 3222 iure

70 3248 144 3308 belli
165 3250 266 3310 lactas
285 3265 361 3312 esse
373 3249 531 3324 Quinctius
551 3251 687 3326 dicebat,
711 3252 798 3326 quod
809 3250 935 3324 integris
949 3247 1051 3320 rebus,

70 3329 212 3394 exercitu
226 3333 266 3394 ab
281 3348 316 3394 se
332 3333 472 3409 admoto,
488 3336 588 3397 uocati
602 3335 633 3395 in
648 3336 822 3410 mnicillam,
833 3349 901 3396 eum
916 3337 1053 3406 potestas

71 3415 174 3476 libera
190 3417 386 3481 desciscendi
408 3419 534 3494 abnego
551 3426 652 3494 esset,
670 3420 787 3494 regiam
801 3417 978 3478 societatem
991 3414 1052 3475 Ro-

72 3515 184 3562 manae
204 3503 468 3577 praeposuissent.
497 3503 657 3564 Phaeneas
677 3510 708 3562 et
728 3517 785 3578 pro
807 3501 952 3564 societate
975 3497 1053 3570 belli,
