2506 3898
178 189 242 254 842
307 187 422 248 LIBER
435 184 596 246 XXXVIII.
619 181 702 244 cll.
717 189 761 242 ⁶25.
772 188 816 244 ab.
839 186 876 253 [a.
893 183 926 238 U.
942 202 966 236 c.
981 183 1042 250 soll

180 351 270 405 antea
291 341 445 418 praesidio
467 340 603 416 equittun
618 337 755 414 quinque
774 336 856 396 milia
875 337 940 396 iere
954 332 1162 411 processisset

179 443 238 488 nec
259 427 383 488 multum
398 441 418 484 a
431 425 594 486 constituto
611 424 680 484 loco
702 420 840 494 abesset,
861 427 988 496 repente
1001 417 1162 480 concitatis

177 511 269 588 equis
285 525 355 572 cum
375 509 489 584 impetu
508 507 611 570 hostili
630 506 716 568 videt
735 505 840 566 Gallos
860 501 1022 566 venientis.
1048 501 1161 562 consti-

181 595 238 656 tuit
257 608 382 670 agmen,
403 600 435 654 et
454 591 602 668 expedire
621 591 683 652 tela
701 590 883 665 animosque
896 587 1052 664 equitibus
1067 586 1163 648 iussis

180 679 279 754 primo
296 681 472 738 constanter
485 676 602 737 initium
616 689 739 751 pugnae
752 674 879 750 accepit,
894 687 953 734 nec
963 669 1078 740 cessit3
1095 670 1163 730 dein

182 779 251 824 curn
265 766 483 837 praegravaret
496 758 663 834 multitudo,
680 757 792 820 cedere
805 757 922 818 sensim
935 755 1009 816 nihil
1020 753 1163 816 contusis
1229 811 1230 836 2

182 855 345 908 turmarum
367 843 525 906 ordinibus
545 843 663 919 coepih
687 849 858 918 postremo,
879 857 949 903 cum
969 840 1030 900 iam
1044 841 1122 915 plus
1136 838 1164 898 in

180 945 267 990 rnora
285 927 413 1004 periculi
435 943 526 1004 quam
547 929 578 988 in
598 927 756 990 ordinibus
777 924 999 988 conservandIs
1013 921 1164 1000 praesidii

180 1019 279 1087 esset,
299 1027 409 1074 omnes
430 1013 547 1088 passim
561 1012 591 1072 in
606 1012 709 1086 lugam
728 1009 820 1073 effusi
834 1017 914 1072 sunt.
949 1015 1012 1070 tum
1026 1023 1107 1070 vero
1122 1007 1164 1066 in-

181 1107 264 1159 stare
286 1095 446 1172 dissipatis
469 1095 560 1169 Galli,
586 1103 616 1156 et
635 1095 782 1163 caedere;
811 1107 985 1170 magnaque
1009 1108 1088 1168 pars
1111 1109 1165 1166 op-

181 1195 293 1257 pressa
306 1181 399 1254 toret,
414 1178 446 1240 ni
460 1180 550 1242 statio
566 1178 790 1256 pabulatorum,
806 1180 944 1240 sexcenti
959 1178 1099 1252 equites,
1116 1191 1164 1237 oc·
1230 1199 1231 1232 t

179 1266 359 1326 currissent.
378 1264 398 1324 ii
410 1265 517 1339 procul
529 1264 661 1324 clamore
672 1263 785 1339 pavido
797 1279 923 1325 suorum
933 1261 1083 1323 exaudito
1097 1277 1166 1322 cum

181 1352 242 1410 tela
262 1363 424 1424 equosque
444 1347 657 1424 expetiissent,
683 1347 791 1422 integri
812 1345 1006 1424 profligatam
1026 1360 1165 1423 pugnam

181 1439 377 1508 acceperunt.
399 1432 503 1505 itaquo
516 1447 609 1491 versa
623 1431 776 1507 extemplo
791 1432 912 1493 fortuna
926 1437 989 1503 est,
1004 1445 1122 1491 versus
1136 1427 1164 1488 in

180 1517 314 1578 victores
329 1532 348 1575 a
365 1513 452 1575 victis
472 1521 579 1576 terror,
615 1521 647 1576 et
660 1516 759 1591 primo
780 1515 895 1592 impetu
911 1515 972 1576 iusi
988 1515 1069 1575 Galli
1084 1521 1163 1580 sunt,

181 1607 213 1660 et
227 1616 266 1660 ex
281 1599 364 1674 agris
379 1599 603 1660 concurrebant
619 1599 832 1674 pabulatores,
853 1607 883 1660 et
897 1597 1036 1674 undique
1052 1597 1163 1658 obvius

180 1683 280 1744 hostis
296 1683 389 1744 Gallis
410 1687 490 1757 erat,
511 1691 597 1744 utne
612 1684 714 1759 fugam
729 1682 852 1759 quidem
867 1683 988 1744 tacitam
1002 1688 1056 1744 aut
1069 1689 1165 1743 tutam

180 1765 336 1841 haberent,
352 1766 424 1842 quia
437 1767 611 1829 recentibus
626 1767 715 1844 equis
728 1765 859 1830 Romani
874 1770 975 1829 lassos
988 1767 1164 1842 sequeban-

180 1859 239 1912 tur.
261 1850 352 1928 pauci
366 1865 440 1928 ergo
456 1850 637 1928 effugerunt.
659 1859 767 1927 captus
780 1859 828 1914 est
838 1867 944 1914 nemo:
959 1851 1058 1911 maior
1067 1851 1164 1912 multo

181 1949 255 2011 pars
270 1950 326 2012 per
340 1935 432 1998 fidem
447 1935 550 1998 violati
562 1936 706 2012 colloquii
717 1952 836 2012 poenas
847 1938 1087 1997 morteluerunt.
1105 1934 1162 1994 Ro-

181 2020 263 2080 mani
277 2019 454 2082 ardentibus
469 2021 514 2080 ira
529 2019 637 2081 animis
652 2026 777 2095 postero
793 2022 844 2081 die
858 2020 998 2082 omnibus
1010 2015 1116 2094 copiis
1127 2018 1163 2078 ad

180 2104 301 2166 hostem
317 2104 506 2178 perveniunt.
1232 2095 1233 2172 Ϊ

264 2185 371 2247 XXVI.
399 2187 531 2247 Biduum
551 2193 659 2247 natura
677 2190 789 2248 montis
812 2203 866 2264 per
885 2204 921 2247 sc
938 2186 1038 2263 ipsum
1055 2189 1163 2264 explo-

180 2270 286 2342 randa,
302 2285 341 2329 ne
357 2269 431 2344 quid
445 2269 540 2344 ignoti
554 2279 653 2344 esset,
669 2270 842 2348 absumpsit
855 2273 973 2332 consul.
1009 2273 1100 2332 tertio
1116 2271 1164 2332 dia

182 2369 251 2416 cum
277 2353 416 2429 auspicio
443 2369 569 2430 operam
591 2353 745 2429 dedisset,
772 2355 884 2417 deinde
904 2353 1112 2430 immolasset,
1134 2354 1162 2414 in

182 2445 324 2514 quattuor
336 2437 562 2515 partesdivisas
574 2441 681 2516 copias
689 2440 799 2516 educit,
812 2439 890 2500 duas
901 2445 935 2500 ut
945 2438 1048 2500 medio
1059 2447 1164 2500 monte

181 2525 321 2596 duceret,
345 2523 422 2584 duas
443 2523 482 2584 ab
502 2523 648 2586 lateribus
663 2531 697 2585 ut
710 2525 861 2585 adversus
876 2538 993 2584 cornua
1006 2522 1162 2584 Gallorum

180 2609 319 2684 erigeret.
341 2607 476 2669 hostium
491 2608 576 2683 quod
590 2609 712 2670 roboris
726 2615 800 2682 erat,
814 2607 977 2682 Tectosagi
991 2612 1022 2666 et
1030 2607 1161 2678 Trocmi,

180 2691 311 2752 mediam
320 2691 463 2753 tenebant
473 2690 1059 2767 aciemmiliahominumquinquaginta.
1076 2690 1162 2768 equi·

179 2783 289 2848 tatum,
312 2775 384 2850 quia
404 2790 553 2848 equorum
574 2777 675 2838 nullus
695 2785 760 2838 erat
779 2776 858 2836 inter
870 2776 1050 2852 inaequales
1067 2791 1161 2851 rupes

180 2873 266 2929 usus,
279 2857 319 2916 ad
329 2857 426 2932 pedes
438 2857 611 2932 deductum,
618 2859 725 2920 decem
737 2860 819 2921 milia
829 2859 994 2931 hominum,
1003 2859 1043 2918 ab
1054 2860 1161 2920 dextro

180 2941 361 3002 locaverunt
380 2955 487 3001 cornu.
517 2939 688 3004 Ariarathis
704 2943 906 3020 cappadoces
921 2950 951 3004 et
964 2943 1063 3004 Morzi
1077 2944 1161 3005 auxi·

179 3025 270 3087 liares
285 3023 315 3085 in
330 3025 418 3086 laevo
430 3031 574 3101 quattuor
585 3027 679 3088 terme
690 3027 804 3089 milimn
814 3043 974 3089 numerum
985 3027 1161 3103 explebant.

179 3109 303 3182 consul,
325 3110 404 3171 sicut
418 3109 447 3170 in
466 3107 597 3188 Olympo
613 3119 729 3187 monte,
749 3115 847 3188 prima
859 3111 891 3173 in
906 3113 973 3174 acie
987 3113 1088 3174 locate
1103 3111 1161 3172 levi

180 3201 347 3268 armatura,
369 3196 497 3256 telorum
519 3193 619 3256 omnis
634 3197 756 3272 generis
770 3203 918 3273 utaequa
932 3211 1044 3273 magna
1058 3195 1107 3256 vis
1124 3195 1160 3256 ad

179 3293 302 3340 rnranum
316 3285 401 3340 esset
415 3280 541 3341 curavit.
552 3280 615 3341 'ubi
626 3281 922 3358 appropinquarunt,
939 3281 1040 3342 omnia
1052 3280 1160 3341 eadem

179 3363 345 3438 utrimque,
369 3379 449 3438 quae
469 3365 638 3446 lucrantia
660 3365 762 3442 priore
778 3365 909 3442 proelio,
932 3373 1018 3426 erant
1039 3369 1161 3440 practer

181 3443 298 3503 animos
319 3454 349 3506 ct
370 3447 536 3508 victoribus
559 3449 597 3507 ab
618 3463 651 3508 re
677 3450 815 3510 secunda
839 3457 946 3510 auctos
968 3457 998 3509 et
1017 3447 1160 3509 hostibus
