2506 3898
147 245 148 248 p
227 153 518 239 ltsshuxxxvmss
540 180 793 245 oneramus.
818 187 974 256 [coneo]
1031 181 1093 246 343

99 333 242 407 fractos,
264 331 334 408 quia
357 331 415 392 etsi
428 347 490 392 non
505 332 566 407 ipsi
581 331 767 408 victimam,
790 349 866 394 suae
880 335 979 408 gentis
997 334 1093 396 homi·

100 431 184 478 num
205 415 324 476 cladem
344 431 402 492 pro
423 431 481 476 sua
501 415 663 478 ducebant.
680 417 803 492 -itaque
823 417 983 492 aparibus
1002 419 1095 480 initiis·

100 505 223 576 coepta
232 499 424 560 reseundem
435 499 675 560 exitumhabuit.
689 502 772 561 velut
783 501 882 562 nubes
894 502 1006 562 leVIum
1017 506 1077 564 telo

98 597 178 644 rum
198 582 338 644 coniecta
352 583 452 644 obruit
466 583 563 645 aciem
580 583 744 646 Gallorum.
772 599 829 644 nec
843 592 896 646 aut
910 601 1095 661 procurrere

97 667 276 744 quisquam
291 667 330 728 ab
345 666 505 729 ordinibus
520 668 596 741 suis,
612 683 651 728 ne
665 669 817 728 nudarent
830 669 967 744 undique
979 684 1092 746 corpus

98 751 258 826 edictus,
281 751 449 826 audebant,
471 759 501 812 et
514 759 645 826 stantes,
662 768 724 828 quo
740 753 900 814 densiores
915 761 1016 829 erant,
1031 754 1092 816 hoc

98 837 216 912 plura,
237 837 321 896 velut
336 834 520 896 destinatum
535 836 723 912 petentibus,
744 839 872 898 vulnera
890 837 1091 913 accipiebant

97 921 220 980 consul
241 920 303 980 Iam
316 935 373 994 per
386 935 422 980 se
438 921 564 981 turbatis
580 919 607 980 si
620 921 775 995 legionum
791 922 880 995 signa
894 922 1090 998 ostendisset,

97 1019 258 1065 versuros
283 1004 438 1080 extemplo
459 1005 492 1064 in'
510 1004 612 1080 lugam
633 1002 733 1064 omnis
753 1010 838 1065 ratus
858 1006 992 1081 receptis
1014 1007 1097 1068 inter

98 1087 235 1148 ordines
249 1087 391 1148 velitibus
406 1093 436 1147 et
450 1089 510 1150 alia
523 1087 613 1148 turba
627 1087 810 1149 auxiliorum
821 1089 918 1149 aciem
929 1091 1090 1165 promovit.

98 1171 229 1231 XXVII.
259 1171 336 1232 Galli
358 1179 388 1232 ct
410 1170 558 1232 memoria
571 1171 849 1246 ToIIstobogiorum
870 1173 967 1234 cladis
987 1174 1092 1249 territi,

98 1264 136 1316 et
152 1255 342 1316 inhaerentia
356 1255 541 1331 corporibus
553 1256 686 1331 gerentis
701 1257 771 1330 tela,
786 1257 924 1332 fessique
939 1263 970 1318 et
980 1258 1105 1318 stando

98 1347 136 1400 et
156 1338 351 1414 vulneribus,
373 1355 412 1399 ne
431 1340 561 1415 primum
585 1339 708 1416 quidem
722 1339 868 1415 impeturn
884 1349 914 1401 et
928 1340 1091 1401 clamorem

98 1425 318 1485 Romanorum
333 1425 473 1485 tulerunt.
496 1425 569 1500 Iuga
583 1424 623 1483 ad
635 1431 736 1485 castra
747 1423 910 1485 incIInavit.
933 1425 987 1484 sed
1001 1427 1091 1500 pauci

97 1509 187 1568 intra
200 1508 385 1569 munimenta
399 1515 471 1568 sese
485 1523 647 1584 recuperor
670 1524 744 1584 pars
759 1509 857 1569 maior
868 1509 976 1570 denua
989 1509 1090 1569 laeva-

98 1607 171 1667 que
186 1592 321 1667 praelati,
340 1608 401 1669 qua
415 1607 569 1668 quemque
583 1592 714 1667 impetus
729 1593 804 1666 tulit,
822 1593 973 1668 Iugerum.
994 1593 1090 1654 ‘ricto-

98 1692 161 1738 res
182 1691 283 1750 usque
303 1675 343 1734 cd
365 1682 466 1736 castra
486 1673 585 1736 seculi
605 1677 781 1738 ceciderunt
798 1683 899 1753 terga3
928 1677 1040 1738 deinde
1059 1677 1090 1738 in

100 1759 221 1820 castris
233 1757 400 1833 cupiditate
409 1759 545 1834 praedae
553 1759 726 1831 haeserunt,
738 1775 796 1819 nec
808 1761 995 1836 sequebatur
1006 1761 1090 1836 quis·

98 1858 212 1918 quam.
231 1841 269 1900 iu
285 1841 430 1902 cornibus
447 1841 523 1901 Galli
540 1841 653 1902 diutins
669 1848 831 1916 steterunt,
850 1845 922 1919 quia
936 1845 1036 1904 serius
1051 1845 1091 1906 ad

98 1942 165 1988 eos
187 1931 368 2001 perventum
390 1932 451 1986 est=
480 1932 615 1986 ceterum
636 1942 675 1986 ne
698 1925 828 2002 primum
850 1927 973 2002 quidem
989 1927 1089 1987 conie-

99 2018 189 2070 ctum
205 2011 334 2071 telorum
350 2010 491 2070 tulerunt.
514 2009 622 2070 consul
639 2009 711 2086 quia
725 2011 885 2086 ingressos
896 2010 926 2069 In
939 2017 1041 2071 castra
1052 2009 1090 2069 ab

100 2094 280 2169 direptione
302 2093 479 2154 abstrahere
500 2109 562 2154 non
583 2100 718 2169 poterat,
740 2109 796 2155 eos
819 2095 871 2169 qui
892 2092 923 2154 in
945 2094 1090 2156 cornibus

101 2181 229 2239 lucrant
250 2177 389 2252 protinus
404 2177 442 2236 ad
459 2178 637 2252 sequendos
651 2177 751 2240 hostis
766 2179 856 2239 misit
884 2195 939 2254 per
953 2176 1090 2255 aliquan·

101 2271 169 2322 tum
192 2259 324 2337 spatium
345 2261 443 2322 secuti
464 2277 525 2321 non
546 2263 615 2338 plus
635 2268 737 2323 mnren
753 2269 823 2324 octo
838 2261 920 2323 milla
933 2263 1090 2324 hominum

101 2345 136 2406 in
164 2346 238 2420 Iuga
252 2380 293 2390 -
307 2361 377 2404 nam
403 2360 507 2421 pugna
533 2345 616 2405 nulla
636 2347 747 2408 iuit-
762 2346 952 2407 cecideruut:
980 2347 1089 2424 reliqui

101 2429 221 2490 flumen
245 2429 345 2506 Halyn
370 2430 563 2489 traiecerunt.
597 2429 804 2490 Romanorum
828 2445 902 2502 pars
922 2445 1033 2505 magna
1052 2445 1096 2490 ea

104 2521 200 2575 nocte
225 2513 255 2572 in
276 2513 411 2574 hostium
432 2512 541 2572 castris
564 2513 691 2581 mansit;
719 2517 840 2573 ceteros
862 2512 892 2571 iu
913 2527 971 2572 sua
990 2521 1090 2574 castra

103 2599 218 2658 consul
234 2597 364 2658 reduxit.
397 2601 523 2672 postero
539 2593 589 2656 die
604 2596 743 2672 captiuos
758 2595 969 2670 praedamque
982 2611 1089 2656 receu-

101 2683 184 2752 suit;
208 2697 288 2756 quae
306 2688 390 2742 tanta
405 2679 474 2754 tuit,
497 2686 640 2755 quantam
655 2679 833 2741 avidissima
847 2677 988 2754 rapiendi
1002 2694 1090 2755 gens,

102 2781 177 2826 cum
200 2765 245 2826 cis
266 2772 399 2826 montem
414 2765 545 2824 Taurum
566 2765 668 2824 omnia
688 2763 780 2824 armis
795 2779 852 2839 per
864 2763 976 2826 multos
990 2777 1088 2825 annos

104 2847 272 2924 tenuisset,
294 2863 480 2910 coacervare
499 2849 607 2926 potuit.
646 2849 723 2908 Galli
744 2863 783 2908 ex
804 2847 953 2924 dissipata
973 2849 1087 2924 passim

104 2933 181 3009 luga
201 2931 232 2992 in
252 2951 345 2994 unum
366 2935 468 2994 Iocum
483 2931 674 3009 congregati,
693 2947 804 3008 magna
824 2949 898 3008 pars
920 2932 1017 2994 saucii
1037 2939 1090 2993 aut
1120 2927 1123 2934 '

104 3016 255 3090 inermes,
271 3015 376 3078 nudati
392 3017 534 3078 omnibus
548 3017 651 3092 rebus,
667 3023 805 3078 oratores
822 3017 861 3076 de
875 3032 952 3092 pace
964 3016 1005 3076 ad
1016 3032 1087 3076 con-

104 3103 206 3161 sulem
221 3101 376 3162 miserunt.
400 3117 455 3162 cos
465 3100 597 3162 ManIIus
609 3100 766 3176 Ephesum
779 3101 885 3160 venire
900 3100 997 3160 iussit.
1020 3099 1089 3174 ipsc

105 3185 223 3244 -iam
245 3185 325 3244 enim
346 3185 477 3244 medium
499 3185 634 3246 autumni
653 3182 862 3246 erat-locis
883 3183 992 3258 gelidis
1016 3199 1086 3258 pro-

107 3267 276 3344 pinquitate
290 3269 380 3330 Tauri
395 3269 506 3330 montis
522 3269 674 3330 excedere
685 3282 858 3344 properans
873 3265 1019 3327 victorem
1035 3281 1090 3326 ex·

104 3348 234 3412 ercitum
249 3352 278 3412 in
294 3351 422 3414 hiberna
436 3353 604 3414 maritimae
619 3367 692 3414 orae
705 3351 838 3412 reduxit.

191 3436 325 3496 XXVIII.
353 3435 430 3498 Du'm
445 3437 522 3498 haec
532 3435 567 3509 ,in
581 3437 658 3498 Asia
671 3440 825 3512 geruntur,
844 3433 875 3495 In
891 3431 999 3497 ceteris
1015 3451 1085 3515 pro-
