2482 3902
185 183 228 246 86
320 181 437 244 LIBER
451 182 581 243 XXXIII.
606 181 688 242 cAP.
703 190 729 244 3.
741 188 768 242 4.
779 189 806 242 5.
829 187 865 254 [a.
879 185 915 240 U.
929 203 953 238 c.
967 185 1028 252 5⁵5]

186 340 414 409 exspectasset,
440 333 600 394 confestim
622 331 779 406 Quinctius
803 330 900 392 movit
925 336 1034 394 castra.
1065 337 1148 392 nans·

185 431 296 492 gresso
318 417 348 476 in
362 415 563 476 Phthioticum
585 431 690 492 agmm
712 415 867 491 quingenti
891 415 1031 494 Gortynii
1045 413 1149 474 creten-

186 501 266 562 sIum
281 500 360 560 duce
372 499 519 577 Cydante,
535 506 565 560 et
575 499 700 560 trecenti
711 499 937 574 Apolloniatae,
953 498 1036 559 haud
1049 497 1147 572 dispari

186 587 320 656 armatu,
340 598 376 643 se
397 583 600 657 coniunxere,
620 597 679 643 nec
699 580 741 642 ita
761 583 854 644 multo
875 589 952 657 post
969 583 1148 660 Amynander

186 681 255 728 curn
277 665 482 728 Athamanum
507 667 641 742 peditum
667 666 805 726 ducentis
827 673 858 726 et
879 666 972 726 mille.
1008 665 1147 740 Philippus

187 749 309 825 cognita
319 750 510 826 proiectione
522 748 929 824 charanchomanorumm
940 749 989 810 cui
1000 749 1039 809 de
1050 763 1149 808 summa

185 849 287 894 rerum
301 833 427 895 adesset
441 839 602 906 certamen,
618 833 825 894 adhortandos
840 833 953 894 milites
967 839 1058 907 ratus,
1072 832 1148 892 multa

185 918 246 977 iam
272 932 368 992 saepe
391 923 559 978 memorata
578 918 618 978 de
641 917 791 978 maiorum
814 917 993 991 virtutibuS,
1019 916 1101 976 simul
1118 915 1148 973 de

185 999 305 1062 militari
325 1000 418 1062 laude
432 999 635 1062 Macedonum
656 1017 723 1062 curn
742 1002 959 1075 disseruisset,
982 1001 1022 1060 ad
1035 1014 1070 1059 ea
1084 1013 1148 1074 quae

185 1091 249 1146 tum
260 1083 391 1144 maxime
401 1083 519 1146 animos
530 1085 692 1160 terrebant,
705 1085 881 1160 quibusque
893 1085 970 1159 erigi
985 1084 1024 1144 ad
1034 1083 1147 1157 aliquan

185 1183 274 1246 spem
293 1173 449 1243 poterant,
469 1167 562 1229 venit.
591 1169 644 1229 IV.
665 1173 811 1244 acceptae
832 1168 873 1229 ad
885 1171 989 1230 Aoum
1011 1164 1147 1226 flumenin

186 1251 336 1326 angustiis
352 1253 432 1313 cladi
446 1257 493 1312 ter
507 1267 526 1310 a
538 1252 741 1314 Macedonum
755 1251 910 1328 phalange
925 1251 966 1314 ad
980 1253 1113 1312 Atracem
1124 1246 1147 1306 vi

184 1336 294 1411 pulsos
309 1335 466 1397 Romanos
490 1337 675 1411 opponebat.
708 1343 738 1398 et
752 1335 812 1396 illic
827 1341 940 1411 mmeu,
961 1333 1015 1395 ubi
1028 1334 1147 1393 insessas

186 1421 292 1480 lauces
303 1418 389 1494 Epiri
400 1436 462 1481 non
474 1419 652 1492 tenuissent,
667 1419 794 1495 primam
807 1421 929 1495 culpam
942 1419 1039 1478 luisse
1049 1429 1146 1485 eorum,

186 1503 239 1578 qui
259 1503 457 1578 neglegenter
477 1503 634 1564 custodias
649 1509 842 1577 servassent,
865 1503 1036 1565 secundam
1048 1499 1076 1558 in
1090 1498 1146 1572 ipso

186 1585 350 1647 certamine
369 1587 446 1646 levis
474 1593 644 1647 armaturae
668 1586 1010 1662 mercennariorumque
1031 1582 1139 1644 militurn

183 1669 388 1730 Macedonum
402 1685 477 1730 vero
498 1669 682 1745 phalangem
697 1677 727 1730 et
740 1676 812 1730 tunc
827 1671 968 1744 stetisse,
990 1675 1019 1730 et
1031 1668 1094 1728 loco
1107 1678 1146 1722 ae·

186 1769 248 1828 quo
269 1752 413 1829 iustaque
434 1769 538 1830 pugna
551 1768 675 1829 semper
687 1768 863 1814 mansuram
875 1755 1029 1816 invictam.
1059 1750 1147 1810 decen

185 1843 215 1899 et
229 1851 287 1898 sex
300 1835 384 1896 milia
403 1837 529 1898 militurn
548 1837 625 1898 haec
641 1837 741 1911 inere,
760 1837 857 1898 robur
870 1853 964 1900 omne
977 1835 1080 1896 virium
1093 1829 1146 1890 eim

183 1921 280 1994 regni.
307 1919 348 1980 ad
368 1919 429 1982 hoc
447 1921 511 1984 duo
524 1915 606 1982 milia
617 1927 834 1996 caetratorum,
855 1937 936 1996 quos
953 1923 1091 1998 peltastas
1104 1929 1146 1986 ap-

149 1995 160 2014 ’
185 2003 314 2079 pellant,
335 2003 548 2081 Thracumque
568 2012 598 2066 et
617 2003 790 2082 lllyriorum
805 2038 842 2050 -
859 2005 969 2066 lhailis
989 2009 1035 2064 est
1053 2010 1145 2062 nonen

185 2087 320 2160 genti-
331 2103 389 2163 par
410 2103 555 2150 uumerus
572 2087 644 2148 bina
657 2088 739 2150 milia
752 2096 853 2163 erant,
874 2097 904 2151 et
919 2089 1004 2150 mixti
1018 2101 1056 2147 ex
1069 2079 1145 2158 pluri·

186 2165 244 2230 bus
265 2170 408 2244 gentibus
428 2171 572 2232 mercede
594 2171 737 2233 conducti
752 2173 917 2233 auxiliares
932 2173 1014 2234 mille
1027 2171 1112 2230 terme
1124 2169 1146 2221 et

185 2251 353 2327 quingenti,
365 2261 394 2314 et
405 2254 466 2315 duo
478 2255 561 2316 milia
572 2255 716 2330 equitum.
735 2271 804 2317 cum
815 2255 852 2317 iis
865 2258 966 2332 copiis
979 2269 1033 2318 rex
1045 2251 1145 2312 hostem

183 2336 412 2412 opperiebatur.
433 2338 581 2400 Romanis
596 2341 692 2400 ferme
704 2354 915 2414 pernumerus
927 2348 1008 2402 eretz
1029 2332 1145 2410 equum

182 2419 283 2496 copiis
297 2425 422 2498 tantun,
438 2424 522 2499 quod
535 2423 636 2484 Aetoli
652 2429 856 2497 accesserant,
872 2425 1065 2500 superabant.

266 2505 305 2564 V.
328 2503 485 2579 Quinctius
508 2507 548 2568 ad
560 2507 680 2567 Thebas
693 2505 879 2568 Phthioticas
900 2515 1002 2569 castra
1017 2517 1079 2565 com
1092 2511 1145 2589 no3

182 2587 289 2665 visset,
301 2603 390 2666 spem
401 2598 509 2653 nactus
520 2591 738 2668 perTimonem
749 2590 920 2667 principem
932 2589 1058 2651 civitatis
1069 2578 1143 2660 [ποῶ

182 2673 298 2748 urbem,
315 2689 383 2733 cum
398 2675 507 2749 paucis
522 2675 657 2750 equiturn
671 2674 811 2750 levisque
824 2682 995 2736 armaturae
1007 2671 1045 2733 ad
1055 2675 1143 2727 muros

183 2757 344 2817 successit.
376 2756 418 2816 ibi
438 2757 517 2819 adeo
538 2759 681 2819 frustrata
701 2773 777 2834 spes
797 2765 860 2833 est,
879 2766 913 2820 ut
931 2776 994 2820 uon
1011 2759 1144 2816 certamen

182 2837 275 2897 modo
303 2854 372 2899 cum
398 2842 626 2916 erumpentibus
651 2841 708 2902 sed
733 2841 902 2917 periculum
928 2853 1050 2919 quoque
1070 2839 1142 2923 atrox

183 2921 315 2996 subiret,
342 2921 374 2980 ni
395 2923 503 2984 castris
529 2923 620 2986 exciti
639 2932 765 3001 repente
784 2928 906 3003 pedites
927 2925 1102 3002 equitesque
1119 2926 1143 2970 111

181 3005 555 3080 temporesubvenissent.
570 3015 600 3070 et
610 3016 774 3085 postquam
786 3010 858 3071 nihil
867 3015 1033 3086 conceptae
1045 3007 1142 3090 temere

183 3089 251 3164 spei
276 3089 476 3166 succedebat,
501 3093 587 3155 urbis
613 3093 736 3169 quidem
758 3095 889 3170 amplius
915 3087 1102 3170 temptandae
1119 3091 1142 3136 m

181 3175 357 3249 praesentia
378 3182 490 3238 conatu
511 3177 646 3239 absistit:
675 3184 807 3239 ceterum
830 3179 905 3240 satis
925 3191 1038 3254 gnarus
1052 3161 1141 3258 iamniss

180 3257 341 3320 Thessalia
355 3274 459 3334 regem
473 3275 553 3335 esse,
569 3263 704 3323 nondum
719 3270 886 3338 comperto,
910 3278 1000 3339 quam
1014 3259 1043 3318 in
1055 3259 1141 3324 r⁰b¹⁰·

182 3356 252 3402 nem
267 3343 418 3416 venisset,
439 3344 548 3408 milites
563 3362 726 3422 peragras
742 3347 887 3407 dimissos
902 3347 1013 3408 vallum
1028 3333 1141 3400 caedere

183 3431 214 3482 et
234 3439 343 3498 parare
363 3426 455 3486 iubet.
489 3430 569 3491 vallo
589 3439 619 3492 et
632 3430 818 3492 Macedones
839 3437 870 3490 et
885 3428 992 3490 Graeci
1006 3423 1051 3488 usi
1066 3416 1139 3476 sunta
