2506 3898
225 220 738 288 areuamrxvu1.car.aaan
762 229 844 297 ae.
860 227 919 305 aaa]
1000 225 1061 290 ³51

68 379 205 446 lerrent;
235 383 327 451 atque
352 374 382 434 in
407 374 454 435 his
481 374 619 436 tribubus
642 381 705 436 tum
727 377 857 452 primum
878 394 916 438 ex
937 381 1062 444 Valerio

67 459 237 537 plebiscito
254 457 340 520 censi
355 465 436 520 sunt.
457 458 497 517 Μ.
511 456 655 519 Claudius
668 459 831 522 Marcellus
844 477 962 539 censor,
979 474 1063 528 sorte

67 551 220 620 superato
235 544 268 603 Τ.
285 542 434 617 Quinctio,
448 543 576 602 lustrum
591 543 736 604 condidit.
759 559 854 606 censa
867 556 939 610 sunt
951 547 1061 610 civium

67 628 176 704 capita
192 627 324 688 ducenta
345 625 567 702 quinquaginta
580 634 649 688 octo
664 627 747 688 milia
760 635 895 691 trecenta
911 632 1018 695 decem
1034 642 1063 694 et

67 718 155 772 octo.
179 712 275 772 lustro
292 711 428 786 perlecto
441 711 585 772 consules
601 709 632 772 in
647 711 822 787 provincias
838 716 967 790 proiecti
982 727 1063 778 sunt.

158 794 306 854 XXXVII.
329 794 435 854 Hieme
450 809 496 868 ea,
513 810 574 871 qua
588 795 666 856 haec
680 797 796 858 Romae
811 805 898 872 gesta
913 807 1000 876 sunt,
1023 801 1064 863 ad
1130 857 1135 864 .

69 880 127 941 Cn.
140 878 285 939 Manlium
297 881 455 940 consulem
467 877 607 954 primum,
620 879 732 940 deinde
744 896 800 956 pro
814 883 951 958 consule,
962 884 1063 948 hiber·

67 970 199 1024 nantem
214 963 245 1022 in
259 962 351 1038 Asia,
377 962 545 1038 legationes
566 963 703 1038 undique
725 975 765 1024 ex
780 967 921 1027 omnibus
937 969 1062 1030 civitati·

68 1049 132 1109 bus
147 1047 361 1123 gentibusque,
384 1059 464 1122 quae
479 1047 525 1106 cis
535 1047 667 1107 Taurum
681 1057 814 1109 montem
829 1051 974 1126 incolunt,
990 1068 1063 1113 con-

68 1132 248 1192 veniebant.
277 1139 308 1191 et
325 1137 360 1190 ul
380 1127 491 1190 clarior
511 1129 705 1206 nobiliorque
721 1132 848 1193 victoria
861 1134 1007 1195 Romanis
1024 1137 1064 1195 de

69 1231 150 1292 rege
165 1214 317 1278 Antiocho
340 1213 395 1274 luit
416 1229 508 1289 quam
525 1215 564 1272 de
580 1213 689 1289 Gallie,
711 1216 752 1276 ita
767 1217 874 1278 laetior
888 1217 982 1278 sociis
999 1227 1064 1279 erat

71 1300 114 1359 de
132 1299 228 1360 Gallis
250 1314 342 1375 quam
362 1297 402 1358 de
422 1295 586 1358 Antiocho.
617 1299 804 1360 tolerabilior
824 1302 909 1377 regia
929 1302 1062 1363 servitus

71 1386 176 1444 tuerat
201 1399 293 1459 quarn
322 1381 426 1443 leuitas
448 1381 623 1442 immanium
643 1383 842 1444 barbarorum
867 1386 1065 1461 incertusque

70 1467 103 1528 in
120 1467 190 1528 dies
203 1473 311 1539 terror,
328 1482 390 1542 quo
401 1467 485 1526 velut
495 1472 663 1542 tempestas
675 1481 730 1528 eos
744 1469 917 1544 populantis
930 1469 1064 1530 interret

71 1552 180 1626 itaque
194 1557 228 1612 ut
241 1549 353 1627 quibus
367 1550 491 1612 libertas
504 1549 655 1611 Antiocho
671 1553 771 1628 pulso,
788 1569 850 1628 pax
862 1552 955 1614 Gallis
967 1553 1063 1614 domi-

71 1636 112 1696 tis
130 1636 203 1695 dala
214 1640 306 1708 esset,
321 1649 382 1694 non
394 1635 575 1708 gratulatum
588 1635 680 1695 modo
692 1643 848 1712 venerant,
862 1637 918 1717 sed
931 1652 1064 1697 coronas

72 1719 169 1780 etiam
184 1732 294 1778 aureas
315 1732 371 1792 pro
393 1716 458 1776 suis
477 1733 619 1792 quaeque
634 1719 828 1782 facultatibus
844 1721 1013 1782 attulerant.
1035 1728 1065 1782 et

72 1803 114 1862 ab
131 1800 284 1862 Antiocho
299 1800 390 1874 legati
404 1807 435 1860 et
449 1801 487 1860 ab
502 1801 579 1875 ipsis
595 1801 704 1872 Gallis,
726 1810 760 1864 ut
781 1804 866 1877 pacis
890 1805 966 1879 legis
981 1803 1063 1865 dice-

72 1891 199 1956 rentur,
222 1889 253 1944 et
273 1884 311 1943 ab
327 1882 489 1944 Ariarathe
507 1898 581 1958 rege
598 1883 817 1959 Cappadocum
837 1896 1002 1961 venerunt,
1024 1889 1064 1947 ad

77 1969 203 2030 veniam
215 1967 377 2044 petendam
390 1967 594 2042 luendamque
607 1968 738 2042 pecunia
750 1985 871 2042 noxam,
883 1972 965 2046 quod
979 1972 1063 2031 auxi·

76 2053 127 2114 liis
143 2049 327 2112 Antiochum
343 2049 480 2112 iuvisset.
499 2049 569 2112 huie
581 2057 729 2112 sexcenta
740 2056 852 2114 talenta
863 2055 978 2130 argenti
994 2062 1065 2114 sunt

76 2139 245 2212 imperata;
269 2134 363 2196 Gallis
377 2150 579 2212 responsum,
596 2151 665 2196 cum
679 2135 832 2198 Eumenes
847 2154 903 2198 rex
917 2137 1063 2211 venisset,

78 2227 144 2282 tum
160 2220 300 2280 daturum
315 2218 352 2280 iis
366 2219 462 2294 leges.
485 2219 651 2280 eivitatium
661 2220 830 2296 legationes
843 2237 912 2282 cum
923 2221 1065 2297 benignis

77 2303 256 2380 responsis,
279 2303 421 2364 laetiores
437 2303 527 2364 etiam
543 2320 633 2378 quam
649 2313 809 2378 venerant,
826 2304 981 2366 dimissae.
1001 2307 1063 2364 An·

80 2387 175 2450 tiochi
196 2388 286 2462 legati
308 2385 468 2462 pecuniam
490 2386 519 2444 ln
534 2385 746 2464 Pamphyliam
767 2390 1011 2464 humentumque
1025 2405 1065 2448 ex

82 2479 174 2549 pacto
190 2487 259 2532 cum
270 2470 303 2529 h.
316 2469 461 2546 Scipione
476 2469 602 2530 loedere
616 2470 693 2531 iussi
707 2471 874 2531 advehere:
898 2487 935 2532 co
949 2487 985 2532 se
996 2487 1065 2532 cum

81 2556 220 2618 exercitu
239 2561 410 2616 venturum.
447 2553 597 2629 principio
613 2554 724 2614 deinde
737 2552 819 2614 veris
835 2555 962 2615 lustrato
977 2570 1065 2614 exer·

82 2643 145 2703 citu
160 2639 316 2716 proiectus
332 2639 381 2699 die
394 2643 503 2698 octavo
515 2638 683 2712 Apameam
696 2637 785 2698 venit.
806 2637 848 2698 ibi
859 2638 991 2698 triduum
1004 2645 1065 2698 sta·

82 2726 155 2787 tivis
170 2722 290 2794 habitis,
307 2722 403 2783 tertiis
417 2737 525 2781 rursus
540 2721 579 2780 ab
590 2723 731 2798 Apamea
745 2721 854 2783 castris
869 2721 899 2782 in
910 2719 1065 2798 Pamphy-

84 2809 170 2882 liam,
187 2823 249 2884 quo
265 2806 425 2881 pecuniam
440 2806 684 2882 frumentumque
697 2805 799 2881 regios
815 2805 988 2868 convehere
1004 2804 1065 2865 ius-

85 2899 183 2966 serat,
211 2889 357 2966 pervenit.
395 2891 456 2950 duo
482 2889 564 2949 milia
584 2895 613 2949 et
635 2890 799 2966 quingenta
816 2893 927 2952 talenta
949 2888 1066 2964 argenti

86 2981 214 3051 accepta
228 2977 398 3050 Apameam
420 2974 634 3049 depol-tantum
662 2975 843 3035 trumentum
860 2974 1006 3034 exercitui
1022 2973 1065 3032 di·

84 3059 205 3120 viditur.
229 3057 301 3118 inde
316 3058 355 3118 ad
369 3058 496 3134 Pergam
511 3057 602 3130 ducii,
619 3073 698 3133 quae
712 3075 773 3118 una
787 3061 817 3119 in
831 3057 879 3118 his
892 3059 967 3118 locis
980 3057 1069 3130 regio-

87 3143 246 3204 tenebatur
261 3142 425 3218 praesidio.
460 3141 906 3218 appropinquantipraelectus
924 3138 1069 3217 praesidii

89 3227 198 3288 obvius
214 3227 282 3300 hait,
300 3226 419 3301 triginta
433 3225 551 3285 dierum
565 3232 685 3300 tempus
701 3232 824 3300 petens,
839 3231 872 3284 ut
885 3239 989 3298 regem
1003 3223 1065 3281 An·

88 3310 222 3373 tiochum
243 3311 282 3371 de
301 3309 378 3370 urbe
399 3309 548 3370 tradenda
568 3311 750 3369 consuleret.
784 3309 854 3368 dato
870 3314 1008 3381 tempore
1027 3305 1067 3366 ad

90 3410 157 3456 earn
172 3395 252 3456 diem
268 3393 421 3470 praesidio
437 3393 600 3454 decessum
613 3401 659 3453 est
671 3409 689 3452 a
700 3391 796 3466 Perga
806 3391 839 3450 L.
850 3389 962 3450 Manlio
978 3388 1073 3448 fratre

91 3495 159 3540 cum
181 3485 324 3556 quattuor
343 3475 464 3540 milibus
484 3477 609 3538 militum
626 3475 767 3537 Oroanda
786 3475 827 3534 ad
846 3473 995 3548 reliquum
1015 3485 1073 3548 pe
