2506 3898
167 187 229 256 334
292 189 406 252 LIBER
419 189 580 250 XXXVIII.
603 189 684 250 CAP.
700 199 743 253 li.
756 198 798 252 18.
820 189 858 267 [a.
869 196 906 250 U.
918 214 941 249 c.
955 194 1017 272 563]

167 355 257 408 tatem
271 342 351 406 illam
368 346 537 408 silvestrem
553 343 651 419 primo
664 358 797 416 servare,
812 343 925 404 deinde
937 358 1005 404 cum
1016 343 1071 405 diu
1081 363 1146 406 rna-

166 431 256 492 nibus
276 429 417 490 humente
438 429 571 501 aluntur,
594 427 769 498 mitescere;
796 427 827 488 in
850 427 1004 488 bominum
1025 428 1147 490 scritate

166 514 328 576 mulcenda
352 529 414 575 non
434 510 563 572 eandem
583 518 720 572 naturam
740 526 827 571 esse=
841 543 884 556 -
897 511 1066 574 eosdemne
1085 513 1147 576 hos
1236 515 1237 550 l

167 598 290 659 creditis
303 611 384 668 csse,
408 595 459 671 qui
474 600 577 670 patres
593 611 699 655 eorum
714 595 825 670 avique
840 596 982 656 luerunt?
1004 603 1147 658 extorres

166 683 271 758 inopia
296 695 438 758 agronrm
463 679 592 754 protecti
617 679 709 739 domo
735 694 791 754 per
811 679 1008 754 asperrimam
1030 680 1149 758 Illyrici

166 782 259 838 oram,
274 763 437 826 Paeoniam
451 759 523 824 inde
538 761 736 822 et'lbraciam
753 763 917 838 pugnando
933 778 1001 824 eum
1016 763 1148 825 ferocis·

166 850 251 910 simis
266 848 406 924 gerimus
422 845 554 920 emensi,
574 845 631 906 bas
647 853 745 907 terras
759 854 916 922 ceperum.
946 847 1073 908 duratos
1088 864 1149 910 eos

164 939 208 994 tot
221 931 310 1000 malis
324 937 591 1007 exasperatosque
604 928 724 1004 accepit
737 939 826 1002 terra,
842 945 922 1006 quae
937 931 1028 1005 copia
1040 947 1148 992 rerum
1237 1007 1238 1010 Ἴ

164 1011 298 1078 omnium
318 1016 481 1092 saginaret.
510 1010 663 1076 uberrimo
679 1027 769 1090 agro,
789 1012 948 1074 mitissimo
964 1015 1068 1088 caelo,
1083 1017 1147 1074 cle-

164 1097 315 1160 mentibus
337 1101 510 1162 accolarum
531 1096 661 1174 ingeniis
682 1096 782 1158 omnis
803 1095 870 1170 illa,
891 1113 959 1158 cum
975 1114 1038 1173 qua
1052 1114 1147 1158 vene

165 1192 248 1256 rant,
268 1185 478 1246 mansuefacta
498 1188 548 1243 cst
565 1181 679 1242 feritas.
713 1179 802 1240 vobis
816 1180 1006 1255 mehercule,
1027 1179 1147 1242 Martiis

164 1269 253 1342 viris,
275 1269 414 1329 cavenda
433 1283 470 1328 ac
491 1264 637 1342 fugienda
657 1280 747 1340 quam
768 1265 898 1340 primum
912 1264 1082 1326 amoenitas
1099 1276 1146 1328 est

163 1353 272 1414 Asiae=
294 1359 410 1414 tantum
430 1351 488 1412 hee
509 1349 690 1426 peregrinae
703 1349 876 1424 voluptates
891 1350 931 1410 ad
946 1349 1146 1425 exstinguen-

164 1435 236 1498 dum
256 1435 393 1510 vigorem
411 1433 581 1495 animorum
595 1441 743 1508 possuntt
765 1439 879 1494 tantum
895 1433 1037 1507 contagio
1053 1431 1147 1494 dIsci·

47 1535 56 1562 ⁴
164 1519 265 1594 plinae
279 1519 435 1594 morisque
449 1519 624 1578 areolarum
640 1517 730 1578 valet.
750 1516 810 1578 hoc
821 1524 920 1578 tamen
933 1516 1062 1578 feliciter
1073 1531 1141 1580 eve·

163 1602 213 1674 nit,
237 1602 321 1675 quod
335 1603 414 1663 sicut
428 1601 488 1661 vim
502 1600 654 1661 adversus
668 1617 727 1662 vos
742 1615 951 1676 nequaquam,
977 1599 1018 1662 ita
1034 1601 1147 1662 lamam

164 1684 247 1760 apud
262 1685 397 1746 Graecos
409 1701 526 1761 parem
542 1683 585 1744 illi
599 1684 744 1760 antiquae
758 1684 910 1758 obtinent,
931 1700 1001 1744 cum
1015 1700 1078 1762 qua
1094 1701 1145 1744 ve

162 1774 287 1838 nerunt;
319 1767 453 1846 bellique
477 1768 606 1844 gloriam
629 1767 764 1830 victores
790 1769 919 1829 eandem
938 1767 1017 1830 inter
1039 1769 1145 1830 socios

162 1851 328 1926 babebitis,
350 1870 443 1929 quam
463 1853 490 1914 si
505 1854 657 1914 servantis
679 1852 837 1927 antiquum
855 1853 1012 1927 specimen
1027 1851 1145 1914 animo·

164 1951 228 1996 rum
246 1937 349 1998 Gallos
364 1937 549 1999 vicissetis.“

246 2021 353 2082 XVlll.
377 2021 524 2082 contione
537 2019 672 2094 dimissa,
685 2019 851 2094 missisque
862 2019 902 2080 ad
912 2019 1144 2094 Eposognatum

163 2105 285 2178 legatis,
309 2105 360 2178 qui
374 2121 454 2166 uuus
471 2120 509 2163 ex
524 2106 638 2177 regulis
654 2111 683 2162 et
697 2105 728 2162 iu
742 2103 887 2164 Eumenis
901 2111 1057 2164 manserat
1070 2105 1145 2164 ami-

162 2186 232 2246 citia
256 2194 287 2245 et
307 2195 472 2262 negaverat
490 2187 643 2247 Antiocho
669 2187 821 2248 adversus
840 2187 999 2264 Romanos
1020 2188 1145 2263 auxilia,
1239 2221 1240 2266 q

162 2274 263 2330 castre
276 2269 380 2334 movit.
403 2269 565 2345 primodie
581 2270 620 2330 ad
633 2270 801 2330 Alandrum
817 2269 946 2342 llumeu,
964 2276 1091 2345 postero
1106 2273 1144 2334 ad

160 2351 261 2414 vicum
276 2369 367 2429 quem
383 2359 494 2416 vocant
506 2354 631 2432 Tyscon
645 2360 779 2414 ventum.
806 2369 844 2415 eo
859 2355 951 2428 legati
966 2351 1145 2416 Oroanden-

161 2436 241 2498 sium
262 2453 332 2500 cum
354 2440 512 2500 venissent
531 2437 692 2500 amicitiam
708 2444 862 2514 patentes,
883 2439 1017 2500 ducenta
1033 2440 1145 2500 taleme

160 2519 197 2582 iis
212 2529 284 2584 suut
297 2521 459 2598 imperata,
475 2522 736 2599 precantibusque
749 2529 782 2584 ut
796 2521 920 2582 domum
934 2523 1144 2584 renuntiarent

160 2612 299 2679 potestas
320 2607 410 2668 facta.
446 2607 560 2668 ducere
580 2607 651 2666 iude
670 2605 837 2666 exercitum
853 2608 962 2668 consul
977 2605 1142 2668 adPliten-

160 2689 249 2760 dum;
272 2689 384 2750 deinde
398 2691 438 2752 ad
449 2691 592 2768 Alyattos
607 2698 709 2752 castra
724 2690 834 2764 posite.
857 2706 896 2751 co
911 2690 999 2752 missi
1009 2689 1051 2752 ad
1061 2690 1141 2766 Epo-

159 2780 322 2847 somatum
332 2775 497 2845 redierunt,
513 2780 544 2833 et
553 2773 645 2849 legati
656 2774 753 2848 reguli
766 2781 899 2846 mentae,
912 2789 951 2834 ne
962 2775 1142 2849 Tectosagis

158 2854 271 2916 bellum
286 2856 424 2916 interret:
452 2857 554 2931 ipsum
570 2857 601 2915 in
616 2872 684 2916 eam
698 2865 820 2932 gentem
834 2857 944 2920 iturum
958 2857 1140 2934 Eposogna-

158 2945 221 2998 tum
236 2951 526 3015 persuasurumque,
540 2946 574 3000 ut
588 2939 737 3014 imperata
751 2941 872 3004 iaciant.
902 2942 973 3006 data
987 2943 1078 3002 venia
1094 2958 1139 3002 re·

158 3023 240 3098 grue,
254 3021 324 3082 duci
340 3023 411 3084 inde
427 3024 581 3086 exercitus
597 3040 653 3100 per
662 3025 789 3104 Axylon
802 3041 892 3100 quam
903 3031 1018 3086 vocant
1028 3033 1140 3088 terram

158 3114 298 3183 coeptus.
332 3107 371 3167 ab
385 3123 419 3167 re
435 3125 545 3169 nomen
560 3109 667 3170 habet:
690 3126 751 3170 non
768 3107 841 3183 ligni
855 3109 948 3170 modo
965 3110 1139 3186 quicquam,

157 3191 215 3252 sed
239 3207 279 3252 ne
305 3191 412 3267 spinas
439 3192 562 3268 quidem
586 3199 638 3254 aut
661 3195 754 3252 ullum
778 3193 860 3253 aliud
886 3193 1060 3254 alimentum
1082 3195 1140 3254 lert

157 3276 253 3350 ignis;
274 3277 347 3338 iimo
362 3275 476 3337 bubulo
493 3293 547 3352 pro
562 3275 652 3352 liguis
667 3284 800 3337 utuntur.
830 3278 880 3338 Ad
895 3277 1054 3338 Cuballum
1069 3277 1137 3338 Gal-

156 3357 330 3431 lograeciae
342 3362 501 3422 castellum
508 3367 609 3420 castra
620 3359 955 3422 habentibusRomanis
964 3376 1137 3436 apparuere

156 3453 224 3498 cum
245 3458 357 3516 magno
378 3445 506 3504 tumultu
520 3442 653 3503 bostium
669 3445 805 3518 equites,
826 3460 883 3505 nec
899 3443 1059 3506 turbarunt
1073 3452 1137 3504 tan-
