2506 3898
195 184 260 250 sao
330 181 616 246 tmeaxxxvur.
640 181 722 241 cnr.
737 187 777 242 n.
792 189 833 242 1⁵.
858 182 1050 254 [ennea]

196 338 293 402 orutio
315 337 370 398 luit
388 335 553 398 summissu
573 341 604 394 et
624 335 766 408 infracta,
791 334 982 396 extenuantis
1004 347 1083 409 opes
1102 350 1166 396 suas

197 421 381 496 urbiumque
392 435 468 481 suae
479 418 607 479 dicionis
619 423 785 492 egestatem
798 418 964 493 querentis.
980 425 1069 478 erant
1078 426 1167 480 autem

198 505 257 567 sub
272 521 320 565 ec·
325 511 448 580 praeter
462 501 603 578 Cibyram
618 508 648 561 et
660 500 787 582 Sylenm
802 501 962 562 etAlimne
978 517 1060 576 quae
1074 503 1167 576 appel·

198 591 284 650 latur.
305 603 345 647 ex
359 587 422 660 bis,
444 594 477 646 ut
491 600 526 646 se
540 597 680 660 suosque
694 586 858 660 spoliaret,
878 583 1017 660 quinque
1032 591 1064 646 et
1076 584 1168 658 viginti

196 674 310 734 talenta
328 687 364 732 se
378 670 603 743 coniecturum,
625 683 723 745 prope
736 677 770 729 ut
784 668 944 741 diflidens,
969 667 1168 744 pollicebatur.

196 755 393 830 „enimvero“
412 753 510 828 inquil
524 754 634 814 consul
652 751 745 827 „ierri
765 752 826 812 iam
848 751 1016 814 luditicatio
1039 752 1098 812 ista
1116 766 1170 812 non

197 845 307 914 potest
328 853 436 912 perum
451 843 574 898 estnon
589 835 752 898 erubuisse
762 836 930 908 absentem,
949 851 1019 896 cum
1032 849 1088 912 per
1098 837 1170 909 lega·

197 932 246 984 tos
267 921 457 982 frustrareris
479 936 553 980 nosr
583 935 732 995 praesens
748 935 875 996 qnoque
888 921 918 980 in
935 919 1045 980 eadem
1059 925 1170 994 perstas

196 1003 392 1080 impudentia.
419 1005 555 1080 quinque
575 1011 605 1065 et
625 1003 729 1079 viginti
750 1005 864 1066 talenta
881 1003 1080 1082 tyrannidem
1100 1010 1171 1062 tuam

196 1087 398 1149 exhauriente
424 1088 589 1165 quingenta
610 1104 683 1163 ergo
705 1089 817 1149 talenta
835 1088 896 1148 nisi
909 1088 1010 1149 triduo
1026 1101 1170 1157 numerus,

196 1173 424 1248 populationem
438 1173 470 1233 in
485 1172 576 1248 agris,
593 1172 786 1234 obsidionem
797 1173 828 1232 in
840 1172 915 1232 urbe
926 1175 1108 1247 exspecta“
1121 1169 1170 1228 lrac

198 1256 427 1318 denuntiatione
447 1257 629 1318 conterritus
650 1263 789 1332 perstare
807 1264 909 1317 mmen
930 1256 961 1314 in
975 1253 1125 1330 pertinaci
1137 1253 1170 1312 si-

195 1340 362 1402 mulatione
376 1341 508 1416 inopiae.
544 1347 574 1400 et
586 1341 732 1415 paulatim
746 1339 885 1400 illiberali
899 1338 1084 1413 adiectione,
1098 1352 1169 1398 nunc

196 1437 253 1498 per
267 1423 501 1498 cavillationem,
516 1439 597 1484 nunc
612 1424 756 1498 precibus
771 1429 801 1484 et
813 1423 962 1484 simulatis
977 1421 1123 1494 lacrimis,
1136 1420 1168 1478 ad

195 1513 317 1567 centum
337 1507 451 1568 talenta
470 1513 519 1566 est
539 1506 717 1581 perductus.
753 1507 872 1566 adiecta
892 1504 1001 1568 deeem
1022 1503 1169 1564 miliane-

195 1591 331 1650 dimnum
346 1590 496 1650 frumenti.
518 1589 595 1650 haec
610 1590 712 1651 omnia
725 1590 803 1650 intra
818 1604 873 1650 sex
889 1590 956 1650 dies
971 1595 1094 1652 exacta.

278 1673 345 1734 XV.
372 1675 401 1732 A
415 1673 528 1751 Cibyra
547 1688 605 1749 per
623 1689 715 1749 agros
731 1673 927 1734 Sindensium
948 1673 1105 1734 exercitus
1124 1671 1167 1730 du-

197 1764 280 1832 ctus,
308 1763 586 1833 transgressusque
611 1756 768 1819 Caularem
792 1773 912 1820 amnem
937 1755 1046 1834 posuit
1071 1761 1167 1816 castra

195 1847 322 1916 postero
338 1839 388 1901 die
403 1847 525 1918 praeter
539 1839 682 1902 Caralitin
698 1840 840 1917 paludem
854 1856 964 1917 agmen
980 1841 1121 1908 ductum
1134 1837 1166 1898 ad

194 1924 409 2001 Madamprum
429 1933 616 1988 manserunt.
645 1925 716 1986 inde
737 1923 1003 2001 progredientibus
1025 1923 1068 1984 ab
1086 1922 1165 1992 Laco,

196 2010 336 2085 proxima
350 2010 435 2084 urbe,
450 2017 533 2070 metu
546 2010 666 2070 incolae
681 2009 836 2084 ingeruntr
857 2023 989 2070 vacuum
1001 2005 1166 2070 hominibus

194 2101 225 2154 et
244 2095 389 2153 relertum
413 2109 515 2153 rerum
544 2093 677 2153 omnium
698 2093 787 2167 copia
808 2090 956 2168 oppidum
977 2092 1166 2167 diripuerunt.
1224 2093 1225 2104 ¹

195 2175 268 2235 inde
282 2176 323 2235 ad
335 2175 429 2252 tysis
444 2175 580 2236 durninis
596 2177 711 2247 tontes,
733 2183 860 2250 postero
876 2175 981 2236 dicad
996 2175 1166 2238 Cobulatum

193 2273 315 2316 amnem
325 2259 493 2332 progressi.
507 2257 743 2320 Termessenses
756 2274 794 2318 eo
806 2258 1167 2334 temporelsiondensium

193 2355 296 2399 arcem
320 2340 397 2400 urbe
422 2349 512 2417 capta
533 2342 762 2418 oppugnabant.
798 2341 909 2404 inclusi
930 2359 1000 2404 cum
1021 2343 1082 2404 alia
1101 2355 1164 2416 spes
1223 2387 1224 2420 ,

193 2423 298 2485 auxilii
313 2425 396 2486 nulla
409 2432 502 2497 esset,
516 2427 634 2501 legatos
649 2427 689 2487 ad
704 2427 864 2488 consulem
880 2434 1005 2490 orantes
1019 2441 1110 2503 opem
1120 2424 1164 2484 mi·
1223 2423 1224 2515 l

194 2515 316 2570 serunt:
349 2524 419 2570 cum
444 2510 625 2586 coniugibus
651 2525 687 2571 ac
707 2510 811 2570 liberis
831 2509 862 2568 in
884 2525 956 2572 arce
979 2510 1117 2573 inclusos
1136 2521 1164 2568 se

192 2601 321 2655 mortem
332 2593 361 2652 in
374 2593 451 2664 dies,
465 2600 518 2654 aut
531 2595 612 2655 terro
630 2601 682 2656 aut
692 2595 772 2656 lame
783 2593 968 2672 patiendam,
983 2601 1163 2671 exspectare.

193 2679 308 2738 volenti
335 2675 455 2738 consuli
475 2693 571 2740 causa
590 2679 620 2738 in
640 2677 850 2755 Pamphyliam
872 2678 1053 2740 devertendi
1074 2677 1163 2739 oblata
1222 2721 1223 2772 y

192 2767 250 2820 est.
277 2761 445 2822 adveniens
468 2759 630 2822 obsidione
649 2760 842 2824 Isiondensis
862 2761 988 2834 exemit,
1010 2763 1161 2824 Termesso
1222 2777 1223 2809 r

193 2857 303 2916 pacem
323 2843 409 2905 dedit
429 2843 650 2918 quinquaginta
662 2845 784 2906 talentis
799 2846 915 2921 argenti
929 2847 1082 2922 aceeptis;
1101 2843 1161 2904 item

192 2926 361 3000 Aspendiis
376 2927 549 3002 ceterisque
562 2926 762 3007 Pamphyliae
776 2929 910 3005 populis.
941 2945 980 2990 ex
994 2924 1159 3005 Pamphylia
1221 2937 1222 2998 g

191 3009 315 3070 rediens
330 3010 372 3070 ad
386 3009 512 3071 fluvium
523 3010 655 3072 Taurum
665 3013 764 3090 primo
776 3013 834 3086 die,
851 3019 979 3088 postero
991 3013 1030 3074 ad
1041 3011 1160 3092 Xylinen
1221 3031 1222 3064 r

191 3110 284 3170 quarn
297 3101 409 3155 vocant
423 3093 535 3156 Comen
552 3095 658 3172 posuit
671 3103 781 3158 castra.
816 3097 976 3172 proiectus
992 3097 1062 3158 inde
1077 3089 1159 3155 eonti-

191 3179 333 3240 nentibus
357 3179 514 3242 itineribus
537 3181 577 3240 ad
597 3179 744 3242 Cormasa
763 3181 869 3242 urbem
891 3182 1039 3256 pervenit
1073 3181 1160 3241 Darsa

191 3265 333 3336 proxima
351 3263 426 3324 urbs
447 3270 526 3326 erat:
548 3280 616 3324 eam
635 3271 719 3326 meu
737 3265 906 3328 innotarum
921 3267 1087 3340 desertam,
1103 3260 1159 3338 ple·
1220 3297 1221 3310 κ

192 3362 261 3406 nem
283 3348 416 3409 omnium
439 3363 541 3408 rerum
556 3347 647 3423 copia
665 3347 790 3409 invenit
824 3349 1032 3425 progredienti
1052 3353 1158 3424 praeter

192 3429 321 3498 paludes
347 3429 437 3504 legati
458 3431 496 3489 ab
515 3429 651 3508 Lysinoe
672 3431 820 3494 dedentes
842 3433 992 3495 civitatem
1012 3433 1157 3494 venerunt»
