2482 3900
128 216 245 278 LIBER
264 215 381 278 XXXII.
406 215 488 276 CAP.
502 225 603 280 21119.
618 223 655 290 [ιι.
670 223 703 276 U.
717 241 741 277 c.
752 228 813 280 555.
828 241 854 278 ι.
870 225 903 279 (1.
918 227 979 294 197]
1024 217 1067 282 73

87 365 291 442 Sempronius
306 365 493 440 citeriorem,
513 367 642 430 Helvius
663 370 838 432 ulteriorem
861 381 909 434 est
928 373 1066 436 sortitus.

85 450 268 514 consulibus
288 449 403 511 ltaliam
424 451 700 528 Macedoniamque
722 454 823 516 sortiri
838 455 1016 531 parantibus
1030 458 1066 518 L.

86 535 206 611 Oppius
228 542 259 596 51
279 533 312 608 Q.
328 533 455 596 Fulvius
476 534 588 595 tribuni
609 535 709 610 plebis
730 537 947 614 impedimento
969 549 1067 615 erant,

86 620 173 695 quod
193 617 363 694 longinqua
381 617 541 693 provincia
560 619 741 682 Macedonia
762 630 861 697 essct,
882 640 984 700 neque
1003 626 1067 686 5115

84 703 146 766 5115
159 717 212 764 555
227 701 325 764 maius
340 702 420 764 bello
436 701 686 777 impedimentum
700 706 740 766 ad
760 722 828 766 eam
842 705 924 768 diem
945 707 1067 781 luisset,

85 803 179 862 quam
191 787 276 860 quod
286 784 413 846 vixdum
424 784 575 848 inchoatis
586 788 680 848 rebus
690 787 721 848 in
732 787 803 864 ipso
816 800 928 852 conatu
938 793 1067 867 gerendi

85 870 157 930 belli
173 868 257 945 prior
271 871 379 930 consul
394 878 599 932 revocaretur.
637 880 777 946 quartum
791 872 851 934 iem
865 889 978 936 annum
992 893 1067 938 esse

83 955 122 1014 ab
138 954 265 1014 decreto
279 952 481 1014 Macedonico
496 953 588 1016 bello.
622 957 799 1030 quaerendo
814 973 916 1032 regem
932 968 963 1020 51
976 975 1064 1021 exer·

84 1036 179 1098 citum
195 1035 261 1098 eius
277 1035 447 1111 Sulpicium
460 1036 607 1100 maiorem
621 1048 738 1113 partem
753 1041 826 1100 anni
839 1041 1065 1118 absumpsisse.

83 1119 210 1182 Villium
225 1119 473 1195 congredientem
493 1137 562 1181 cum
583 1121 673 1182 hoste
691 1139 725 1182 re
745 1123 858 1184 inlecta
877 1135 1066 1188 revocatum.

84 1201 259 1278 Quinctium
282 1203 375 1264 rebus
400 1203 512 1264 divinis
537 1206 655 1266 Romae
679 1205 826 1268 maiorem
851 1217 968 1282 partem
993 1209 1065 1276 anni

82 1296 235 1349 retentum
250 1287 291 1348 ita
306 1285 445 1362 gessisse
465 1297 566 1348 155555
586 1305 654 1362 555,
674 1297 721 1360 51,
743 1289 770 1350 si
791 1298 844 1350 aut
863 1291 1010 1352 maturius
1032 1292 1062 1355 in

83 1370 276 1447 provinciam
297 1369 435 1432 venisset
454 1381 507 1434 aut
528 1371 626 1434 biems
646 1371 744 1448 magis
769 1390 841 1435 5555
859 1374 983 1450 1515551,
1008 1392 1065 1450 po·

83 1454 175 1517 tuerit
196 1454 361 1516 debellare.
404 1471 485 1518 nunc
505 1473 604 1531 prope
625 1455 655 1516 in
676 1457 804 1518 hiberna
830 1461 1001 1534 protectum
1022 1458 1065 1520 ita

83 1555 267 1614 comparare
282 1537 344 1599 dici
358 1537 487 1614 bellum,
501 1548 549 1612 ut,
564 1539 624 1600 nisi
639 1557 805 1602 successor
818 1541 979 1618 impediat,
995 1560 1063 1618 per-

81 1625 222 1684 fecturus
237 1631 355 1684 aestate
369 1623 509 1698 5555155
524 1623 671 1686 videatm.
714 1624 763 1686 bis
784 1626 972 1688 orationibus
994 1643 1063 1704 per·

83 1708 240 1781 uicerunt,
260 1713 294 1768 ut
308 1707 453 1768 consules
468 1706 499 1768 in
515 1716 640 1768 senatus
654 1709 833 1770 auctoritate
848 1711 914 1771 lore
928 1711 1065 1772 dicerent

79 1809 124 1864 se,
138 1790 168 1852 si
179 1790 262 1852 idem
273 1789 385 1852 tribuni
396 1790 496 1865 plebis
508 1792 652 1852 15555551
670 1791 913 1868 permittentibus
925 1793 1066 1870 utrisque

81 1875 212 1936 liberam
219 1873 475 1936 consultationem
484 1883 589 1950 patres
601 1877 779 1938 consulibus
792 1877 1065 1940 ambobuslteliam

79 1958 277 2034 provinciam
298 1958 515 2032 decreverunt,
535 1959 568 2018 Τ.
583 1959 722 2032 Quinctio
744 1970 947 2036 prorogarunt
967 1961 1062 2037 impe-

80 2042 170 2115 rium,
187 2043 289 2103 donec
303 2057 470 2104 successor
484 2059 523 2102 ex
535 2051 661 2105 senatus
673 2046 815 2106 consulto
826 2043 973 2106 venisset.
990 2061 1063 2106 con·

79 2127 206 2188 salibus
227 2125 318 2186 binae
331 2125 471 2200 legiones
486 2127 643 2200 decretae,
666 2137 696 2189 et
710 2135 744 2189 ιιι
757 2127 869 2190 bellum
885 2144 954 2189 curn
968 2127 1066 2190 Gallis

78 2209 264 2286 cisalpinis,
287 2209 340 2290 qui
360 2209 586 2272 (151551555515
605 2213 722 2286 populo
736 2213 890 2284 Romano,
912 2221 1065 2288 gererent.

78 2291 224 2368 Quinctio
237 2293 268 2354 in
274 2292 488 2354 Macedoniam
500 2295 745 2370 supplementum
756 2295 921 2369 decretum,
937 2311 995 2358 sex
1008 2296 1063 2356 mi·

78 2379 118 2438 lia
130 2378 283 2454 peditum,
295 2379 420 2439 trecenti
428 2377 557 2453 equites,
571 2378 726 2440 sociorum
736 2380 890 2440 navalium
901 2379 983 2440 milia
995 2379 1065 2440 tria.

77 2478 234 2538 praeesse
253 2461 335 2523 idem
357 2461 409 2537 qui
428 2470 570 2537 praeerat
589 2462 682 2523 classi
701 2464 734 2522 L.
751 2462 909 2536 Quinctius
922 2462 1064 2522 Flamini·

78 2564 138 2608 nus
153 2547 274 2607 iussus.
311 2545 504 2621 praetoribus
524 2549 554 2604 in
574 2546 741 2620 Hispanias
755 2553 867 2606 octona
880 2545 963 2606 milia
976 2545 1063 2619 pedi·

76 2639 141 2692 tum
157 2627 281 2692 socium
293 2645 331 2690 55
342 2629 473 2690 55551515
480 2628 579 2690 Latini
593 2629 664 2689 data
675 2637 706 2689 ct
717 2627 917 2703 quadringeni
933 2627 1062 2702 equites,

75 2723 109 2776 nt
124 2711 316 2774 dimitterent
330 2720 464 2774 veterem
477 2729 518 2774 ex
530 2711 688 2788 Hispaniis
702 2711 842 2782 militem;
858 2719 889 2772 et
901 2710 1065 2775 terminare

76 2797 158 2858 iussi
175 2813 241 2873 qua
253 2796 380 2858 51155155
394 2796 555 2857 citeriorve
571 2796 730 2872 provincia
748 2804 932 2859 servaretur.
960 2795 1062 2858 Mace-

77 2881 197 2943 doniae
217 2882 337 2956 legatos
358 2881 389 2940 Ρ.
406 2879 576 2956 Sulpicium
595 2887 627 2942 et
639 2880 671 2941 P.
685 2879 825 2954 Villium,
851 2880 903 2958 qui
918 2883 1067 2942 consules

77 2965 107 3026 15
123 2981 166 3026 55
181 2963 343 3040 provincie
357 2966 485 3039 inerant,
501 2964 688 3025 adiecerunt.

161 3049 270 3110 XXIX.
291 3047 473 3124 Priusquam
488 3049 633 3109 consules
649 3056 871 3123 praetoresque
894 3046 924 3108 in
940 3047 1063 3122 provin·

77 3133 146 3196 5155
169 3131 457 3209 proficiscerentur,
486 3132 627 3208 prodigia
647 3130 805 3207 procurari
825 3129 954 3209 placuit,
979 3132 1066 3204 quod

75 3218 178 3278 aedes
201 3215 335 3278 Vaticani
358 3215 576 3292 Summanique
596 3216 727 3290 Romae,
755 3223 786 3276 ct
810 3213 895 3290 quod
918 3211 1067 3286 Fregenis

75 3315 188 3362 555555
210 3308 242 3362 51
262 3307 353 3376 porta
373 3301 412 3360 de
427 3299 513 3360 caelo
528 3307 609 3361 tecta
629 3308 730 3371 erant3
752 3306 783 3360 et
801 3297 971 3358 Frusinone
986 3295 1067 3356 inter

76 3391 204 3444 noctem
225 3386 278 3445 lux
299 3391 381 3454 orte;
404 3392 435 3444 51
455 3384 590 3444 Α555155
604 3400 702 3459 agnus
716 3381 825 3457 biceps
840 3397 910 3441 cum
925 3379 1066 3455 quinque

77 3469 214 3542 pedibus
242 3475 348 3535 natum
381 3477 411 3528 et
435 3466 564 3528 Formiis
586 3467 647 3528 duo
676 3466 739 3541 lupi
763 3463 911 3541 oppidum
931 3462 1065 3539 ingressi
