2482 3900
264 211 379 274 LIBER
394 212 511 272 XXXII.
536 211 618 272 CAP.
634 221 659 274 4.
672 225 698 274 5.
721 221 757 288 [a.
770 221 802 274 C.
814 220 875 288 199]
1013 216 1055 281 49

74 367 177 448 tudine
200 366 300 426 solum
320 370 384 425 tuta
397 363 487 438 urbs,
510 365 567 425 sed
586 365 669 440 quod
685 381 762 427 saxo
779 367 916 442 undique
930 368 1055 432 absciso

73 450 204 526 rupibus
218 448 362 526 imposita
376 455 433 508 ast.
455 448 514 507 hae
529 449 732 524 difficultates,
748 457 779 510 et
791 452 874 526 quod
884 453 965 513 haud
979 456 1054 515 satis

73 536 199 610 dignum
210 533 284 591 tanti
295 531 410 592 laboris
422 531 612 607 periculique
623 533 753 608 pretium
765 542 837 611 erat,
849 543 883 597 ut
894 537 1058 599 absisteret

73 622 194 694 incepto
210 615 370 690 Philippus
386 615 563 676 effecerunt.
585 615 683 678 hiems
699 634 824 694 quoque
838 619 898 680 iam
913 622 1057 696 instabat,¹

73 719 141 764 cum
162 703 237 762 inde
257 700 411 761 abscessit
431 706 461 760 et
481 701 511 759 in
525 699 737 762 Macedoniam
757 703 786 762 in
801 702 930 764 hiberno
947 707 1054 782 copias

72 787 204 848 reduxit.
500 797 501 800 ’

154 873 195 929 V.
218 869 263 930 lbi
285 869 376 930 ceteri
400 868 523 944 quidem
538 869 608 930 duta
623 870 850 946 quanticunque
866 872 967 947 quiete
981 881 1053 933 tcm-

72 957 157 1032 pou's
184 954 274 1016 simul
301 955 419 1014 animos
445 969 637 1029 corporaque
656 954 851 1014 remiserant:
881 955 1054 1032 Philippum

73 1046 222 1114 quantum
247 1038 286 1098 ab
311 1037 450 1098 adsiduis
475 1037 632 1098 laboribus
656 1038 796 1098 itinerum
822 1055 1054 1116 pugnarumque

72 1126 232 1184 laxaverat
255 1121 403 1195 animum,
428 1127 512 1182 tanto
537 1121 634 1195 magis
660 1121 806 1181 intentum
826 1124 856 1181 in
877 1123 1051 1188 universum

72 1215 216 1268 eventum
238 1206 310 1266 belli
333 1221 426 1266 curae
440 1213 569 1280 angunt,
591 1221 652 1265 non
667 1203 766 1267 hostis
782 1207 874 1266 modo
890 1207 1053 1280 timentem,

73 1291 124 1366 qui
134 1299 218 1352 terra
228 1291 367 1366 ararique
377 1289 535 1364 urgebant,
544 1289 601 1350 sed
611 1305 693 1351 nunc
704 1289 859 1350 sociorum
872 1291 1054 1351 nuncetiam

72 1375 269 1451 popularium
290 1373 423 1448 animos,
445 1388 484 1432 ne
504 1379 535 1433 et
554 1373 596 1434 illi
618 1375 658 1434 ad
678 1389 766 1450 spcm
781 1373 930 1435 amicitiae
943 1375 1054 1435 Roma-

72 1475 182 1521 norum
208 1458 391 1532 delicerent,
417 1464 447 1516 ct
468 1455 656 1519 Macedonas
676 1458 764 1533 ipsos
787 1457 901 1534 cupido
922 1456 1049 1519 novandi

70 1561 119 1606 res
136 1549 275 1618 caperet.
298 1542 401 1617 itaque
417 1547 447 1602 et
460 1541 490 1600 in
502 1541 649 1602 Achaiam
664 1544 782 1618 legatos
796 1542 885 1619 misit,
901 1543 991 1604 simul
1003 1541 1053 1618 qui

72 1627 285 1690 iusiurandum
298 1626 397 1686 -ita
411 1626 491 1684 enim
507 1627 696 1700 pepigerant,
721 1627 884 1702 quotannis
901 1628 1056 1688 iuraturos

69 1712 97 1772 in
109 1711 212 1773 verba
222 1709 571 1785 Philippi-exigerent,
585 1710 674 1770 simul
687 1711 739 1785 qui
750 1709 1055 1771 redderentAchaeis

72 1795 290 1856 Orchomenon
306 1799 336 1854 et
348 1793 488 1854 Heraean
503 1800 534 1852 et
546 1793 739 1872 Triphylian,
755 1794 978 1870 Megalopolitis
992 1795 1053 1854 Ali·

69 1880 206 1955 pheran,
229 1877 482 1939 contendentibus
503 1893 666 1952 numquam
688 1893 754 1937 eam
776 1879 883 1938 urbem
904 1880 1002 1940 luisse
1017 1894 1054 1938 ex

68 1963 247 2042 Triphylia,
269 1963 326 2022 sed
347 1961 404 2021 sibi
420 1960 533 2020 dehere
546 1961 680 2036 restitui,
704 1961 776 2036 qiua
790 1979 852 2021 una
866 1967 951 2024 esset
964 1979 1003 2022 ex
1017 1963 1055 2022 iis

73 2064 156 2123 quae
173 2046 214 2106 ad
230 2046 422 2106 condendam
436 2045 575 2119 Megalen
597 2046 680 2122 polin
702 2061 740 2104 ex
757 2046 886 2106 concilio
900 2045 1055 2106 Arcadum

69 2131 266 2193 contributae
284 2131 391 2190 lorent.
428 2135 458 2188 et
472 2144 541 2188 cum
555 2127 689 2190 Achaeis
706 2129 829 2205 quidem
843 2145 899 2205 per
912 2129 990 2189 haec
1005 2146 1054 2190 so·

70 2218 216 2278 cietatem
237 2213 389 2274 firmabat:
421 2212 622 2274 Macedonum
644 2213 762 2275 animos
785 2229 853 2274 cum
874 2215 1055 2274 Heracliden

68 2302 204 2362 amicum
216 2297 248 2338 **
260 2297 391 2357 maxime
405 2296 537 2357 invidiae
551 2297 609 2357 sibi
625 2313 697 2358 esse
712 2305 862 2373 cerneret,
881 2298 983 2359 multis
999 2299 1055 2358 cri-

67 2385 206 2445 minibus
229 2388 387 2443 oneratum
406 2381 437 2440 in
452 2381 553 2440 vincla
568 2381 711 2456 coniecit,
733 2383 847 2458 ingenti
862 2382 1056 2457 popularium

67 2468 196 2543 gaudio.
219 2466 342 2540 bellum,
358 2465 384 2526 si
399 2464 523 2540 quando
534 2482 680 2540 umquam
691 2473 762 2526 ante
773 2467 858 2540 alias,
875 2472 936 2526 tum
946 2480 1057 2539 magna

68 2568 145 2613 cura
171 2550 347 2627 apparavit,
373 2550 571 2629 exercuitque
595 2549 627 2608 in
653 2549 745 2608 armis
767 2557 798 2609 et
817 2548 1005 2609 Macedonas
1028 2557 1057 2608 et

66 2633 302 2700 mercennarios
313 2633 439 2704 milites;
461 2631 850 2709 principioqueveriscum
861 2631 1058 2705 Athenagora

68 2721 175 2780 omnia
195 2725 323 2780 externo
335 2717 461 2791 auxilia,
485 2717 632 2793 qnodque
646 2715 723 2776 levis
739 2722 910 2777 armaturae
924 2723 1003 2791 erat,
1025 2717 1054 2778 in

68 2804 238 2864 chaoniam
264 2818 322 2877 per
341 2802 468 2878 Epirum
488 2802 528 2862 ad
549 2801 748 2876 occupandas
770 2817 849 2876 quae
869 2801 910 2861 ad
929 2801 1049 2876 Antigo·

70 2905 164 2948 neam
181 2889 289 2949 lauces
305 2893 377 2947 sunt
389 2917 433 2931 —
448 2883 541 2946 Stena
555 2893 668 2946 vocant
684 2885 849 2946 Graeci-
863 2885 953 2946 misit.
987 2885 1052 2961 ipso

67 2979 144 3046 post
165 2972 273 3046 paucis
296 2970 404 3032 diebus
426 2971 567 3046 graviore
583 2976 708 3031 secutus
724 2969 859 3046 agmine,
882 2966 950 3030 cum
965 2970 1056 3031 situm

68 3071 195 3116 omnem
205 3055 340 3130 regionis
352 3054 556 3130 adspexisset,
572 3053 856 3116 maximeidoneum
868 3055 906 3114 ad
918 3055 1056 3114 munien-

68 3141 146 3200 dum
165 3140 268 3200 locum
291 3137 419 3198 credidit
439 3153 510 3198 esse
525 3137 648 3214 praeter
662 3154 782 3198 amnem
795 3138 905 3200 Aoum.
937 3139 964 3198 is
979 3139 1058 3196 inter

69 3229 209 3296 montes,
231 3237 364 3298 quorum
379 3224 506 3284 alterum
525 3221 686 3298 Meropum
707 3225 835 3283 alterum
852 3223 990 3282 Asnaum
1010 3221 1055 3278 in-

67 3309 160 3368 colae
170 3313 292 3380 vocant,
308 3313 437 3382 angusta
450 3307 528 3367 valle
538 3305 613 3382 iluit,
628 3308 685 3367 iter
697 3307 841 3382 exiguum
852 3321 948 3379 super
958 3305 1056 3378 ripam

68 3390 235 3464 praebens.
250 3392 391 3472 Asnaum
398 3391 625 3466 Athenagoram
637 3407 706 3452 cunr
720 3389 777 3450 levi
789 3396 940 3449 armatura
951 3393 1056 3446 tenere

67 3481 99 3534 et
120 3475 311 3536 communire
332 3474 430 3536 iubet:
456 3474 524 3550 ipse
538 3475 569 3534 in
583 3475 712 3550 Meropo
728 3473 833 3550 posuit
853 3479 962 3533 castra.
994 3486 1058 3546 qua

113 3574 142 3616 τ.
157 3573 218 3615 urvr
234 3574 310 3618 raas
326 3559 377 3615 tv.
832 3564 849 3616 4
