2506 3898
150 224 234 288 ⁸elil
303 221 417 284 hinnit
431 221 578 283 Xltilvll.
601 219 683 280 enh
701 227 743 280 19.
755 227 799 279 ao.
823 224 859 291 [a.
873 223 1016 289 cason

169 385 203 438 ut
216 373 284 436 urbi
300 373 453 450 praesidio
467 377 587 443 essent,
602 367 732 430 navibus
747 367 942 429 circumvecti
955 355 1101 428 Ac'mssius
1114 376 1139 429 el

170 460 324 522 Eumenes
340 463 496 516 venerunt.

253 541 317 602 XX.
343 538 400 598 Per
420 538 547 598 eosdem
562 538 640 597 rorte
661 536 728 596 dies
742 535 865 596 Elaeam
880 551 921 594 ex
935 533 1054 594 Achaia
1067 531 1142 593 mille

171 623 292 700 pedites
307 639 376 683 curn
391 628 512 682 centum
526 619 696 696 equitibuS,
711 617 872 694 Diophane
887 613 1032 678 omnibus
1043 617 1082 677 iis
1093 633 1142 676 co·

171 705 231 782 piis
246 705 439 782 praeposito,
453 711 667 772 accesserunt;
691 717 771 778 quos
787 717 934 777 egressos
948 699 1080 762 navibus
1095 701 1143 760 ob·

170 791 251 850 viam
264 790 350 850 missi
364 788 403 848 ab
416 789 517 848 Attalo
531 795 623 872 noete
637 785 818 862 Pergamum
835 785 1038 846 deduxerunt.
1066 792 1144 845 vete

168 873 236 933 reni
247 887 354 933 onmes
366 879 396 932 et
407 871 496 946 periti
506 871 578 932 belli
590 877 683 944 erant,
698 869 808 945 etipse
819 869 881 929 dux
892 868 1144 944 Philopoemenis,

170 956 278 1016 summi
298 962 360 1014 tum
382 953 516 1015 omnium
532 955 717 1014 Graecorum
737 951 945 1028 imperatoris,
966 950 1144 1026 discipulus.

171 1039 223 1116 qui
242 1039 369 1100 biduum
390 1037 480 1099 simul
500 1037 540 1098 ad
562 1036 695 1113 quietem
714 1037 870 1096 hominum
890 1051 1107 1111 equorumque
1120 1041 1146 1093 et

170 1125 210 1184 ad
224 1122 372 1184 visendas
393 1121 526 1183 hostiurn
540 1122 702 1193 stationes,
725 1120 837 1195 quibus
851 1121 929 1179 locis
943 1117 1145 1194 temporibus-

170 1223 232 1282 que
246 1207 428 1268 accederent
441 1206 674 1281 reciperentque
689 1217 769 1277 sese,
784 1210 992 1278 sumpserunt.
1014 1204 1057 1262 ad
1071 1201 1145 1262 radi·

170 1307 223 1350 ees
239 1292 303 1351 lere
319 1289 420 1362 collis,
436 1290 465 1348 in
481 1305 543 1364 quo
558 1287 660 1364 posita
674 1287 747 1348 urbs
763 1293 824 1362 est,
840 1287 915 1364 regii
930 1285 1145 1347 succedebant.

170 1375 211 1434 ita
233 1373 329 1434 libera
349 1372 388 1432 ab
409 1381 494 1446 tergo
516 1372 676 1447 populatio
695 1378 773 1444 erat,
796 1371 880 1432 nollo
896 1370 934 1430 ab
949 1371 1043 1442 urbe,
1066 1385 1105 1428 ne
1118 1367 1145 1427 in

170 1458 317 1518 stationes
333 1453 456 1530 quidem
469 1458 520 1530 qui
532 1456 640 1528 procul
651 1455 841 1528 iacularetur,
857 1461 1050 1514 excurrente.
1066 1459 1146 1528 post-

170 1556 262 1614 quam
277 1539 371 1600 semcl
386 1537 537 1613 compulsi
548 1544 631 1598 metu
642 1552 677 1596 se
688 1537 848 1598 moenibus
860 1537 1062 1607 incluserunt,
1079 1551 1146 1596 eon·

168 1629 300 1697 temptas
326 1637 433 1682 eorum
453 1627 483 1680 et
505 1619 577 1681 inde
602 1621 794 1696 neglegentia
813 1622 897 1696 apud
917 1621 1022 1696 regies
1046 1620 1145 1680 oritur

169 1721 232 1766 non
248 1711 376 1776 stratos,
398 1719 461 1764 non
476 1703 644 1765 infrenatos
659 1721 769 1779 magna
784 1719 857 1779 pars
870 1703 1026 1768 habehant
1041 1717 1146 1779 equos.

170 1789 280 1864 paucis
302 1787 342 1849 ad
365 1803 449 1848 arma
470 1793 501 1846 et
522 1787 646 1848 ordines
660 1787 773 1848 relictis
788 1787 901 1863 dilapsi
916 1788 1009 1848 ceteri
1026 1799 1151 1863 sparse-1

167 1878 236 1932 rant
249 1887 285 1933 se
298 1877 363 1933 toto
378 1870 496 1946 passim
511 1886 636 1947 eampo,
651 1887 724 1948 pars
739 1871 768 1930 in
783 1871 940 1932 iuvenales
955 1872 1045 1932 lusus
1061 1869 1146 1930 lasei-

169 1956 312 2032 viamque
327 1955 417 2029 versi,
434 1969 507 2030 pars
522 1963 684 2016 vescentes
700 1955 758 2015 sub
769 1955 885 2026 umbra,
903 1953 1028 2029 quidam
1039 1967 1145 2015 somno

169 2039 260 2100 etiam
280 2040 374 2101 strati.
410 2038 487 2098 haee
501 2038 679 2114 Diophanes
694 2054 732 2098 ex
747 2041 808 2100 alta
821 2038 897 2098 urbe
911 2037 1060 2112 Pergamo
1079 2051 1146 2096 con·

168 2125 345 2198 templatus,
367 2137 451 2181 arma
471 2137 546 2180 suos
567 2137 679 2196 capere
700 2122 783 2181 etad
805 2129 922 2197 porum
937 2127 1064 2196 praesto
1079 2133 1147 2180 esse

167 2205 267 2274 iubet;
288 2205 357 2278 ipse
371 2205 505 2264 Attalum
525 2205 602 2276 adit,
625 2210 655 2264 et
675 2203 705 2262 in
727 2205 828 2266 animo
843 2204 903 2265 sibi
916 2219 988 2266 csse
1002 2201 1083 2265 dixit
1095 2201 1146 2263 ho·

168 2287 259 2346 stium
280 2285 441 2347 stationem
461 2293 620 2362 temptare.
656 2303 748 2363 aegre
768 2287 801 2348 id
821 2285 1013 2364 permittente
1033 2287 1145 2355 Attalo,

168 2369 284 2446 quippe
307 2369 359 2446 qui
380 2376 501 2431 eentum
521 2371 675 2447 equitibus
690 2372 840 2434 adversus
862 2377 1044 2444 sexcentos,
1066 2368 1146 2428 mille

167 2451 323 2529 peditibus
352 2469 422 2515 cum
450 2461 593 2531 quattuor
619 2457 741 2518 milibus
770 2463 974 2532 pugnaturum
997 2459 1144 2522 cerneret

167 2545 258 2612 porta
272 2553 419 2614 egressus
432 2539 516 2600 haud
530 2541 639 2616 procul
651 2541 780 2601 stelione
790 2538 933 2613 hostium,
950 2538 1145 2600 occasionem

168 2623 343 2698 opperiens,
360 2624 508 2684 consedit.
542 2632 572 2686 et
587 2625 639 2700 qui
652 2623 791 2699 Pergami
806 2630 893 2684 erant
907 2619 1070 2683 amentiam
1085 2634 1145 2679 ma·

167 2703 216 2777 gis
233 2721 325 2781 quam
346 2708 505 2768 audaciam
526 2707 652 2768 credere
672 2723 757 2782 esse,
779 2714 809 2768 et
822 2707 928 2768 hostes
943 2705 1104 2781 paulisper
1117 2701 1144 2760 in

167 2803 223 2848 eos
237 2789 334 2861 versi,
349 2797 383 2848 ut
396 2791 469 2850 nihil
483 2793 600 2852 moveri
615 2791 764 2866 viderunt,
779 2807 836 2852 nec
851 2790 911 2866 ipsi
926 2789 1094 2864 quicquam
1108 2801 1143 2844 ex

168 2870 258 2930 solita
277 2871 483 2947 neglegentia,
507 2875 636 2950 insuper
660 2876 750 2936 etiam
771 2875 930 2935 cludentes
952 2869 1144 2946 paucitatem,

166 2958 327 3014 mutarunt.
355 2952 534 3031 Diophanes
556 2958 676 3034 quietos
691 2957 879 3034 aliquamdiu
894 2971 986 3028 suos,
1008 2949 1142 3014 velutad

167 3038 377 3112 spectaculum
390 3041 483 3102 modo
496 3041 634 3116 eductos,
650 3040 813 3103 continuit=
828 3049 994 3116 postquam
1006 3037 1143 3112 dilapsos

167 3121 206 3181 ab
222 3119 380 3182 ordinibus
396 3121 503 3186 hostes
517 3123 609 3200 vidit,
624 3116 795 3202 peditibus,
812 3117 957 3200 quantum
972 3123 1144 3181 accelerare

166 3213 310 3280 possent,
336 3205 425 3284 sequi
438 3207 548 3284 iussis,
573 3210 642 3284 ipse
668 3209 812 3283 princeps
837 3209 914 3268 inter
933 3203 1055 3280 equites
1078 3215 1144 3262 cum

166 3293 264 3348 turma
284 3303 341 3352 sua
362 3299 507 3367 quantum
524 3293 622 3368 potuit
636 3289 831 3354 effusissimis
844 3288 990 3359 habenis,
1012 3288 1144 3346 elamore

166 3368 205 3462 ab
220 3373 301 3432 omni
316 3371 406 3436 simul
420 3373 524 3450 pedite
539 3382 630 3450 atque
644 3374 747 3452 equite
762 3373 892 3448 sublato,
911 3371 1074 3433 stationem
1088 3365 1141 3459 he:

165 3453 257 3509 strum
281 3452 448 3528 improviso
470 3454 595 3520 invadit.
632 3473 693 3519 non
707 3457 847 3518 homines
863 3455 980 3527 solum,
1001 3451 1059 3514 sed
1073 3463 1142 3524 equi
