<?xml version="1.0" encoding="UTF-8"?>
<!DOCTYPE html PUBLIC "-//W3C//DTD XHTML 1.0 Transitional//EN"
    "http://www.w3.org/TR/xhtml1/DTD/xhtml1-transitional.dtd">
<html xmlns="http://www.w3.org/1999/xhtml" xml:lang="en" lang="en">
 <head>
  <title>
</title>
<meta http-equiv="Content-Type" content="text/html;charset=utf-8" />
  <meta name='ocr-system' content='tesseract 3.04.00' />
  <meta name='ocr-capabilities' content='ocr_page ocr_carea ocr_par ocr_line ocrx_word'/>
</head>
<body>
  <div class='ocr_page' id='page_1' title='image "./titiliviaburbec08livygoog_0356.png"; bbox 0 0 2506 3898; ppageno 0'>
   <div class='ocr_carea' id='block_1_1' title="bbox 273 139 1075 220">
    <p class='ocr_par' dir='ltr' id='par_1_1' title="bbox 273 139 1075 220">
     <span class='ocr_line' id='line_1_1' title="bbox 273 139 1075 220; baseline 0.012 -21"><span class='ocrx_word' id='word_1_1' title='bbox 273 141 388 201; x_wconf 81' lang='lat' dir='ltr'>LIBER</span> <span class='ocrx_word' id='word_1_2' title='bbox 403 139 564 202; x_wconf 76' lang='lat' dir='ltr'>XXXVIII.</span> <span class='ocrx_word' id='word_1_3' title='bbox 587 143 669 202; x_wconf 82' lang='lat' dir='ltr'><strong>CAP.</strong></span> <span class='ocrx_word' id='word_1_4' title='bbox 686 155 728 205; x_wconf 87' lang='lat'><strong>11.</strong></span> <span class='ocrx_word' id='word_1_5' title='bbox 741 154 784 206; x_wconf 79' lang='lat'><strong>12.</strong></span> <span class='ocrx_word' id='word_1_6' title='bbox 807 152 843 220; x_wconf 80' lang='lat' dir='ltr'><strong>[a.</strong></span> <span class='ocrx_word' id='word_1_7' title='bbox 858 150 889 204; x_wconf 89' lang='lat' dir='ltr'><strong>c.</strong></span> <span class='ocrx_word' id='word_1_8' title='bbox 903 152 963 218; x_wconf 81' lang='lat'>189]</span> <span class='ocrx_word' id='word_1_9' title='bbox 1014 145 1075 210; x_wconf 74' lang='lat'><strong>327</strong></span> 
     </span>
    </p>
   </div>
   <div class='ocr_carea' id='block_1_2' title="bbox 94 293 1132 3299">
    <p class='ocr_par' dir='ltr' id='par_1_2' title="bbox 94 293 1132 3299">
     <span class='ocr_line' id='line_1_2' title="bbox 96 293 1076 374; baseline 0.003 -18"><span class='ocrx_word' id='word_1_10' title='bbox 96 297 191 370; x_wconf 88' lang='lat' dir='ltr'><strong>ferto,</strong></span> <span class='ocrx_word' id='word_1_11' title='bbox 206 293 381 370; x_wconf 81' lang='lat' dir='ltr'>bellumque</span> <span class='ocrx_word' id='word_1_12' title='bbox 396 294 511 371; x_wconf 87' lang='lat' dir='ltr'><strong>pariter</strong></span> <span class='ocrx_word' id='word_1_13' title='bbox 524 295 631 370; x_wconf 85' lang='lat' dir='ltr'><strong>gerite.</strong></span> <span class='ocrx_word' id='word_1_14' title='bbox 660 297 808 370; x_wconf 80' lang='lat' dir='ltr'><strong>perfugas</strong></span> <span class='ocrx_word' id='word_1_15' title='bbox 824 297 966 372; x_wconf 81' lang='lat' dir='ltr'><strong>fugitivos</strong></span> <span class='ocrx_word' id='word_1_16' title='bbox 983 301 1076 374; x_wconf 90' lang='lat' dir='ltr'><strong>capti-</strong></span> 
     </span>
     <span class='ocr_line' id='line_1_3' title="bbox 95 378 1077 459; baseline 0.005 -22"><span class='ocrx_word' id='word_1_17' title='bbox 95 395 154 441; x_wconf 89' lang='lat' dir='ltr'><strong>vos</strong></span> <span class='ocrx_word' id='word_1_18' title='bbox 168 378 288 439; x_wconf 88' lang='lat' dir='ltr'><strong>reddito</strong></span> <span class='ocrx_word' id='word_1_19' title='bbox 304 379 451 439; x_wconf 86' lang='lat' dir='ltr'><strong>Romanis</strong></span> <span class='ocrx_word' id='word_1_20' title='bbox 466 379 631 454; x_wconf 87' lang='lat' dir='ltr'><strong>sociisque,</strong></span> <span class='ocrx_word' id='word_1_21' title='bbox 647 386 862 456; x_wconf 82' lang='lat' dir='ltr'>praeterquam</span> <span class='ocrx_word' id='word_1_22' title='bbox 878 381 905 441; x_wconf 92' lang='lat' dir='ltr'><strong>si</strong></span> <span class='ocrx_word' id='word_1_23' title='bbox 920 383 972 457; x_wconf 91' lang='lat' dir='ltr'><strong>qui</strong></span> <span class='ocrx_word' id='word_1_24' title='bbox 987 384 1077 459; x_wconf 89' lang='lat' dir='ltr'><strong>capti,</strong></span> 
     </span>
     <span class='ocr_line' id='line_1_4' title="bbox 95 461 1077 542; baseline 0.005 -19"><span class='ocrx_word' id='word_1_25' title='bbox 95 479 167 524; x_wconf 91' lang='lat' dir='ltr'><strong>cum</strong></span> <span class='ocrx_word' id='word_1_26' title='bbox 186 461 295 522; x_wconf 90' lang='lat' dir='ltr'><strong>domos</strong></span> <span class='ocrx_word' id='word_1_27' title='bbox 316 462 485 534; x_wconf 74' lang='lat' dir='ltr'><strong>redissent,</strong></span> <span class='ocrx_word' id='word_1_28' title='bbox 511 461 618 522; x_wconf 89' lang='lat' dir='ltr'><strong>iterum</strong></span> <span class='ocrx_word' id='word_1_29' title='bbox 640 463 720 537; x_wconf 90' lang='lat' dir='ltr'><strong>capti</strong></span> <span class='ocrx_word' id='word_1_30' title='bbox 741 472 825 539; x_wconf 88' lang='lat' dir='ltr'><strong>sunt,</strong></span> <span class='ocrx_word' id='word_1_31' title='bbox 851 471 904 524; x_wconf 88' lang='lat' dir='ltr'><strong>aut</strong></span> <span class='ocrx_word' id='word_1_32' title='bbox 924 465 951 525; x_wconf 90' lang='lat' dir='ltr'><strong>si</strong></span> <span class='ocrx_word' id='word_1_33' title='bbox 973 465 1025 542; x_wconf 91' lang='lat' dir='ltr'><strong>qui</strong></span> <span class='ocrx_word' id='word_1_34' title='bbox 1040 482 1077 528; x_wconf 90' lang='lat' dir='ltr'><strong>eo</strong></span> 
     </span>
     <span class='ocr_line' id='line_1_5' title="bbox 94 543 1077 624; baseline 0.004 -17"><span class='ocrx_word' id='word_1_35' title='bbox 94 555 235 622; x_wconf 89' lang='lat' dir='ltr'><strong>tempore</strong></span> <span class='ocrx_word' id='word_1_36' title='bbox 255 561 295 605; x_wconf 89' lang='lat' dir='ltr'><strong>ex</strong></span> <span class='ocrx_word' id='word_1_37' title='bbox 315 545 352 606; x_wconf 90' lang='lat' dir='ltr'><strong>iis</strong></span> <span class='ocrx_word' id='word_1_38' title='bbox 363 546 451 620; x_wconf 92' lang='lat' dir='ltr'><strong>capti</strong></span> <span class='ocrx_word' id='word_1_39' title='bbox 466 552 538 606; x_wconf 86' lang='lat' dir='ltr'><strong>sunt</strong></span> <span class='ocrx_word' id='word_1_40' title='bbox 553 543 683 620; x_wconf 90' lang='lat' dir='ltr'><strong>quitum</strong></span> <span class='ocrx_word' id='word_1_41' title='bbox 699 546 805 608; x_wconf 89' lang='lat' dir='ltr'><strong>hostes</strong></span> <span class='ocrx_word' id='word_1_42' title='bbox 820 557 907 610; x_wconf 89' lang='lat' dir='ltr'><strong>erant</strong></span> <span class='ocrx_word' id='word_1_43' title='bbox 920 549 1077 624; x_wconf 86' lang='lat' dir='ltr'><strong>Romanis,</strong></span> 
     </span>
     <span class='ocr_line' id='line_1_6' title="bbox 95 627 1078 708; baseline 0.002 -18"><span class='ocrx_word' id='word_1_44' title='bbox 95 647 166 690; x_wconf 88' lang='lat' dir='ltr'><strong>eum</strong></span> <span class='ocrx_word' id='word_1_45' title='bbox 186 629 265 690; x_wconf 87' lang='lat' dir='ltr'><strong>intra</strong></span> <span class='ocrx_word' id='word_1_46' title='bbox 285 627 441 704; x_wconf 91' lang='lat' dir='ltr'><strong>praesidia</strong></span> <span class='ocrx_word' id='word_1_47' title='bbox 454 629 593 690; x_wconf 89' lang='lat' dir='ltr'><strong>Romana</strong></span> <span class='ocrx_word' id='word_1_48' title='bbox 606 629 706 690; x_wconf 83' lang='lat' dir='ltr'><strong>Aetoli</strong></span> <span class='ocrx_word' id='word_1_49' title='bbox 728 639 842 691; x_wconf 86' lang='lat' dir='ltr'><strong>essent.</strong></span> <span class='ocrx_word' id='word_1_50' title='bbox 875 633 1003 693; x_wconf 89' lang='lat' dir='ltr'><strong>allorum</strong></span> <span class='ocrx_word' id='word_1_51' title='bbox 1025 635 1078 708; x_wconf 90' lang='lat' dir='ltr'><strong>qul</strong></span> 
     </span>
     <span class='ocr_line' id='line_1_7' title="bbox 97 712 1078 794; baseline 0.002 -20"><span class='ocrx_word' id='word_1_52' title='bbox 97 713 332 790; x_wconf 88' lang='lat' dir='ltr'><strong>comparebunt,</strong></span> <span class='ocrx_word' id='word_1_53' title='bbox 352 712 431 778; x_wconf 79' lang='lat' dir='ltr'><strong>iutra</strong></span> <span class='ocrx_word' id='word_1_54' title='bbox 445 713 511 772; x_wconf 91' lang='lat' dir='ltr'><strong>dies</strong></span> <span class='ocrx_word' id='word_1_55' title='bbox 527 719 647 774; x_wconf 87' lang='lat' dir='ltr'><strong>centum</strong></span> <span class='ocrx_word' id='word_1_56' title='bbox 663 714 905 794; x_wconf 80' lang='lat' dir='ltr'><strong>Corcyraeorum</strong></span> <span class='ocrx_word' id='word_1_57' title='bbox 920 717 1078 792; x_wconf 85' lang='lat' dir='ltr'><strong>magistra·</strong></span> 
     </span>
     <span class='ocr_line' id='line_1_8' title="bbox 95 797 1077 876; baseline 0.005 -20"><span class='ocrx_word' id='word_1_58' title='bbox 95 797 179 860; x_wconf 87' lang='lat' dir='ltr'><strong>tibus</strong></span> <span class='ocrx_word' id='word_1_59' title='bbox 204 797 272 857; x_wconf 91' lang='lat' dir='ltr'><strong>sine</strong></span> <span class='ocrx_word' id='word_1_60' title='bbox 292 797 364 858; x_wconf 88' lang='lat' dir='ltr'><strong>dolo</strong></span> <span class='ocrx_word' id='word_1_61' title='bbox 385 797 465 858; x_wconf 91' lang='lat' dir='ltr'><strong>malo</strong></span> <span class='ocrx_word' id='word_1_62' title='bbox 486 797 660 869; x_wconf 69' lang='lat' dir='ltr'><strong>madantum</strong></span> <span class='ocrx_word' id='word_1_63' title='bbox 694 799 747 875; x_wconf 91' lang='lat' dir='ltr'><strong>qui</strong></span> <span class='ocrx_word' id='word_1_64' title='bbox 766 815 828 860; x_wconf 94' lang='lat' dir='ltr'><strong>non</strong></span> <span class='ocrx_word' id='word_1_65' title='bbox 849 801 1077 876; x_wconf 88' lang='lat' dir='ltr'><strong>comparebunt,</strong></span> 
     </span>
     <span class='ocr_line' id='line_1_9' title="bbox 96 880 1077 958; baseline 0.003 -17"><span class='ocrx_word' id='word_1_66' title='bbox 96 883 221 956; x_wconf 91' lang='lat' dir='ltr'><strong>quando</strong></span> <span class='ocrx_word' id='word_1_67' title='bbox 245 880 379 957; x_wconf 87' lang='lat' dir='ltr'><strong>quisque</strong></span> <span class='ocrx_word' id='word_1_68' title='bbox 399 897 506 944; x_wconf 88' lang='lat' dir='ltr'><strong>eorum</strong></span> <span class='ocrx_word' id='word_1_69' title='bbox 528 881 657 956; x_wconf 92' lang='lat' dir='ltr'><strong>primum</strong></span> <span class='ocrx_word' id='word_1_70' title='bbox 676 882 818 944; x_wconf 90' lang='lat' dir='ltr'><strong>inventus</strong></span> <span class='ocrx_word' id='word_1_71' title='bbox 832 883 902 958; x_wconf 86' lang='lat' dir='ltr'><strong>erit,</strong></span> <span class='ocrx_word' id='word_1_72' title='bbox 922 885 1077 944; x_wconf 87' lang='lat' dir='ltr'><strong>reddatur.</strong></span> 
     </span>
     <span class='ocr_line' id='line_1_10' title="bbox 97 963 1078 1043; baseline 0.003 -18"><span class='ocrx_word' id='word_1_73' title='bbox 97 965 225 1026; x_wconf 86' lang='lat' dir='ltr'><strong>obsides</strong></span> <span class='ocrx_word' id='word_1_74' title='bbox 247 963 449 1041; x_wconf 87' lang='lat' dir='ltr'><strong>quadraginta</strong></span> <span class='ocrx_word' id='word_1_75' title='bbox 468 964 614 1026; x_wconf 86' lang='lat' dir='ltr'><strong>arbitratu</strong></span> <span class='ocrx_word' id='word_1_76' title='bbox 634 966 770 1027; x_wconf 90' lang='lat' dir='ltr'><strong>consulis</strong></span> <span class='ocrx_word' id='word_1_77' title='bbox 784 967 914 1028; x_wconf 90' lang='lat' dir='ltr'><strong>Romani</strong></span> <span class='ocrx_word' id='word_1_78' title='bbox 929 969 1015 1043; x_wconf 86' lang='lat' dir='ltr'><strong>dato,</strong></span> <span class='ocrx_word' id='word_1_79' title='bbox 1039 984 1078 1028; x_wconf 88' lang='lat' dir='ltr'><strong>ne</strong></span> 
     </span>
     <span class='ocr_line' id='line_1_11' title="bbox 96 1048 1093 1126; baseline 0.004 -18"><span class='ocrx_word' id='word_1_80' title='bbox 96 1049 232 1110; x_wconf 91' lang='lat' dir='ltr'><strong>minores</strong></span> <span class='ocrx_word' id='word_1_81' title='bbox 261 1048 424 1110; x_wconf 82' lang='lat' dir='ltr'><strong>duodecim</strong></span> <span class='ocrx_word' id='word_1_82' title='bbox 453 1065 602 1110; x_wconf 90' lang='lat' dir='ltr'><strong>annorum</strong></span> <span class='ocrx_word' id='word_1_83' title='bbox 626 1065 687 1110; x_wconf 90' lang='lat' dir='ltr'><strong>neu</strong></span> <span class='ocrx_word' id='word_1_84' title='bbox 710 1049 842 1110; x_wconf 90' lang='lat' dir='ltr'><strong>maiores</strong></span> <span class='ocrx_word' id='word_1_85' title='bbox 869 1051 1093 1126; x_wconf 78' lang='lat' dir='ltr'><strong>quadragina·</strong></span> 
     </span>
     <span class='ocr_line' id='line_1_12' title="bbox 96 1132 1077 1209; baseline 0.005 -17"><span class='ocrx_word' id='word_1_86' title='bbox 96 1133 192 1194; x_wconf 85' lang='lat' dir='ltr'><strong>obses</strong></span> <span class='ocrx_word' id='word_1_87' title='bbox 206 1149 245 1196; x_wconf 88' lang='lat' dir='ltr'><strong>ne</strong></span> <span class='ocrx_word' id='word_1_88' title='bbox 257 1140 323 1194; x_wconf 88' lang='lat' dir='ltr'><strong>esto</strong></span> <span class='ocrx_word' id='word_1_89' title='bbox 337 1140 467 1207; x_wconf 90' lang='lat' dir='ltr'><strong>praetor,</strong></span> <span class='ocrx_word' id='word_1_90' title='bbox 474 1133 649 1208; x_wconf 75' lang='lat' dir='ltr'><strong>praefectus</strong></span> <span class='ocrx_word' id='word_1_91' title='bbox 661 1132 915 1208; x_wconf 87' lang='lat' dir='ltr'><strong>equitum,sc1iba</strong></span> <span class='ocrx_word' id='word_1_92' title='bbox 926 1135 1077 1209; x_wconf 85' lang='lat' dir='ltr'><strong>publicus,</strong></span> 
     </span>
     <span class='ocr_line' id='line_1_13' title="bbox 95 1215 1079 1293; baseline 0.002 -17"><span class='ocrx_word' id='word_1_93' title='bbox 95 1233 165 1278; x_wconf 87' lang='lat' dir='ltr'><strong>neu</strong></span> <span class='ocrx_word' id='word_1_94' title='bbox 176 1217 244 1293; x_wconf 87' lang='lat' dir='ltr'><strong>quis</strong></span> <span class='ocrx_word' id='word_1_95' title='bbox 259 1217 312 1293; x_wconf 90' lang='lat' dir='ltr'><strong>qui</strong></span> <span class='ocrx_word' id='word_1_96' title='bbox 327 1223 398 1276; x_wconf 87' lang='lat' dir='ltr'><strong>ante</strong></span> <span class='ocrx_word' id='word_1_97' title='bbox 412 1217 506 1277; x_wconf 88' lang='lat' dir='ltr'><strong>obses</strong></span> <span class='ocrx_word' id='word_1_98' title='bbox 521 1217 577 1278; x_wconf 92' lang='lat' dir='ltr'><strong>fuit</strong></span> <span class='ocrx_word' id='word_1_99' title='bbox 591 1217 673 1292; x_wconf 91' lang='lat' dir='ltr'><strong>apud</strong></span> <span class='ocrx_word' id='word_1_100' title='bbox 689 1217 855 1278; x_wconf 87' lang='lat' dir='ltr'><strong>Romanos.</strong></span> <span class='ocrx_word' id='word_1_101' title='bbox 884 1215 1079 1292; x_wconf 79' lang='lat' dir='ltr'><strong>Cephallenia</strong></span> 
     </span>
     <span class='ocr_line' id='line_1_14' title="bbox 97 1300 1079 1378; baseline 0.002 -18"><span class='ocrx_word' id='word_1_102' title='bbox 97 1309 189 1362; x_wconf 88' lang='lat' dir='ltr'><strong>extra</strong></span> <span class='ocrx_word' id='word_1_103' title='bbox 208 1301 294 1376; x_wconf 86' lang='lat' dir='ltr'><strong>pacis</strong></span> <span class='ocrx_word' id='word_1_104' title='bbox 309 1301 394 1375; x_wconf 86' lang='lat' dir='ltr'><strong>legas</strong></span> <span class='ocrx_word' id='word_1_105' title='bbox 410 1305 508 1362; x_wconf 87' lang='lat' dir='ltr'><strong>esto.“</strong></span> <span class='ocrx_word' id='word_1_106' title='bbox 541 1301 583 1360; x_wconf 90' lang='lat' dir='ltr'><strong>de</strong></span> <span class='ocrx_word' id='word_1_107' title='bbox 596 1300 748 1376; x_wconf 87' lang='lat' dir='ltr'><strong>pecuniae</strong></span> <span class='ocrx_word' id='word_1_108' title='bbox 763 1317 883 1362; x_wconf 88' lang='lat' dir='ltr'><strong>summa</strong></span> <span class='ocrx_word' id='word_1_109' title='bbox 897 1317 989 1376; x_wconf 92' lang='lat' dir='ltr'><strong>quam</strong></span> <span class='ocrx_word' id='word_1_110' title='bbox 1004 1317 1079 1378; x_wconf 89' lang='lat' dir='ltr'><strong>pen·</strong></span> 
     </span>
     <span class='ocr_line' id='line_1_15' title="bbox 99 1383 1071 1461; baseline 0.002 -17"><span class='ocrx_word' id='word_1_111' title='bbox 99 1384 206 1446; x_wconf 90' lang='lat' dir='ltr'><strong>dereut</strong></span> <span class='ocrx_word' id='word_1_112' title='bbox 226 1383 492 1460; x_wconf 86' lang='lat' dir='ltr'><strong>pensionibusque</strong></span> <span class='ocrx_word' id='word_1_113' title='bbox 507 1385 573 1444; x_wconf 90' lang='lat' dir='ltr'><strong>eius</strong></span> <span class='ocrx_word' id='word_1_114' title='bbox 594 1383 669 1444; x_wconf 91' lang='lat' dir='ltr'><strong>nihil</strong></span> <span class='ocrx_word' id='word_1_115' title='bbox 689 1399 729 1444; x_wconf 88' lang='lat' dir='ltr'><strong>ex</strong></span> <span class='ocrx_word' id='word_1_116' title='bbox 749 1399 787 1445; x_wconf 91' lang='lat' dir='ltr'><strong>eo</strong></span> <span class='ocrx_word' id='word_1_117' title='bbox 809 1385 893 1461; x_wconf 87' lang='lat' dir='ltr'><strong>quod</strong></span> <span class='ocrx_word' id='word_1_118' title='bbox 914 1401 984 1446; x_wconf 89' lang='lat' dir='ltr'><strong>cum</strong></span> <span class='ocrx_word' id='word_1_119' title='bbox 1004 1401 1071 1446; x_wconf 91' lang='lat' dir='ltr'><strong>con·</strong></span> 
     </span>
     <span class='ocr_line' id='line_1_16' title="bbox 97 1469 1081 1544; baseline 0.001 -16"><span class='ocrx_word' id='word_1_120' title='bbox 97 1471 169 1529; x_wconf 91' lang='lat' dir='ltr'><strong>sule</strong></span> <span class='ocrx_word' id='word_1_121' title='bbox 194 1476 379 1530; x_wconf 88' lang='lat' dir='ltr'><strong>convenerat</strong></span> <span class='ocrx_word' id='word_1_122' title='bbox 401 1475 557 1530; x_wconf 86' lang='lat' dir='ltr'><strong>mutatum.</strong></span> <span class='ocrx_word' id='word_1_123' title='bbox 593 1482 651 1543; x_wconf 92' lang='lat' dir='ltr'><strong>pro</strong></span> <span class='ocrx_word' id='word_1_124' title='bbox 677 1476 802 1544; x_wconf 86' lang='lat' dir='ltr'><strong>argemo</strong></span> <span class='ocrx_word' id='word_1_125' title='bbox 829 1471 855 1530; x_wconf 91' lang='lat' dir='ltr'><strong>si</strong></span> <span class='ocrx_word' id='word_1_126' title='bbox 874 1485 982 1531; x_wconf 89' lang='lat' dir='ltr'><strong>aurum</strong></span> <span class='ocrx_word' id='word_1_127' title='bbox 1006 1469 1081 1530; x_wconf 87' lang='lat' dir='ltr'><strong>dare</strong></span> 
     </span>
     <span class='ocr_line' id='line_1_17' title="bbox 98 1551 1079 1628; baseline 0.002 -16"><span class='ocrx_word' id='word_1_128' title='bbox 98 1553 228 1627; x_wconf 87' lang='lat' dir='ltr'><strong>mallent,</strong></span> <span class='ocrx_word' id='word_1_129' title='bbox 244 1555 352 1614; x_wconf 87' lang='lat' dir='ltr'><strong>darem</strong></span> <span class='ocrx_word' id='word_1_130' title='bbox 364 1551 515 1626; x_wconf 73' lang='lat' dir='ltr'><strong>convenit,</strong></span> <span class='ocrx_word' id='word_1_131' title='bbox 531 1553 603 1614; x_wconf 87' lang='lat' dir='ltr'><strong>dum</strong></span> <span class='ocrx_word' id='word_1_132' title='bbox 614 1567 671 1628; x_wconf 93' lang='lat' dir='ltr'><strong>pro</strong></span> <span class='ocrx_word' id='word_1_133' title='bbox 684 1553 836 1628; x_wconf 77' lang='lat' dir='ltr'><strong>argenteis</strong></span> <span class='ocrx_word' id='word_1_134' title='bbox 848 1552 954 1612; x_wconf 89' lang='lat' dir='ltr'><strong>decem</strong></span> <span class='ocrx_word' id='word_1_135' title='bbox 966 1569 1079 1614; x_wconf 89' lang='lat' dir='ltr'><strong>aureus</strong></span> 
     </span>
     <span class='ocr_line' id='line_1_18' title="bbox 97 1631 1080 1712; baseline 0.003 -16"><span class='ocrx_word' id='word_1_136' title='bbox 97 1652 182 1696; x_wconf 88' lang='lat' dir='ltr'><strong>uuus</strong></span> <span class='ocrx_word' id='word_1_137' title='bbox 201 1638 325 1699; x_wconf 90' lang='lat' dir='ltr'><strong>valeret.</strong></span> <span class='ocrx_word' id='word_1_138' title='bbox 360 1652 461 1712; x_wconf 86' lang='lat' dir='ltr'><strong>„quae</strong></span> <span class='ocrx_word' id='word_1_139' title='bbox 475 1635 578 1711; x_wconf 78' lang='lat' dir='ltr'><strong>arbes,</strong></span> <span class='ocrx_word' id='word_1_140' title='bbox 597 1637 648 1712; x_wconf 90' lang='lat' dir='ltr'><strong>qui</strong></span> <span class='ocrx_word' id='word_1_141' title='bbox 663 1631 742 1711; x_wconf 82' lang='lat' dir='ltr'><strong>agri,</strong></span> <span class='ocrx_word' id='word_1_142' title='bbox 766 1637 818 1712; x_wconf 94' lang='lat' dir='ltr'><strong>qui</strong></span> <span class='ocrx_word' id='word_1_143' title='bbox 832 1636 972 1697; x_wconf 91' lang='lat' dir='ltr'><strong>homines</strong></span> <span class='ocrx_word' id='word_1_144' title='bbox 987 1639 1080 1699; x_wconf 88' lang='lat' dir='ltr'><strong>Aeto-</strong></span> 
     </span>
     <span class='ocr_line' id='line_1_19' title="bbox 98 1719 1079 1794; baseline -0.002 -14"><span class='ocrx_word' id='word_1_145' title='bbox 98 1722 199 1781; x_wconf 89' lang='lat' dir='ltr'><strong>lorum</strong></span> <span class='ocrx_word' id='word_1_146' title='bbox 211 1721 287 1780; x_wconf 90' lang='lat' dir='ltr'><strong>iuris</strong></span> <span class='ocrx_word' id='word_1_147' title='bbox 301 1719 473 1793; x_wconf 88' lang='lat' dir='ltr'><strong>aliquando</strong></span> <span class='ocrx_word' id='word_1_148' title='bbox 483 1720 613 1794; x_wconf 86' lang='lat' dir='ltr'><strong>fuerunt,</strong></span> <span class='ocrx_word' id='word_1_149' title='bbox 634 1719 686 1794; x_wconf 93' lang='lat' dir='ltr'><strong>qui</strong></span> <span class='ocrx_word' id='word_1_150' title='bbox 701 1736 808 1793; x_wconf 83' lang='lat' dir='ltr'><strong>eorum</strong></span> <span class='ocrx_word' id='word_1_151' title='bbox 821 1721 854 1780; x_wconf 88' lang='lat' dir='ltr'><strong>T.</strong></span> <span class='ocrx_word' id='word_1_152' title='bbox 871 1719 1010 1794; x_wconf 84' lang='lat' dir='ltr'><strong>Quinctio</strong></span> <span class='ocrx_word' id='word_1_153' title='bbox 1026 1720 1079 1781; x_wconf 82' lang='lat' dir='ltr'><strong>Cn.</strong></span> 
     </span>
     <span class='ocr_line' id='line_1_20' title="bbox 96 1801 1080 1876; baseline 0 -12"><span class='ocrx_word' id='word_1_154' title='bbox 96 1803 229 1864; x_wconf 89' lang='lat' dir='ltr'><strong>Domitio</strong></span> <span class='ocrx_word' id='word_1_155' title='bbox 253 1801 432 1863; x_wconf 88' lang='lat' dir='ltr'><strong>consulibus</strong></span> <span class='ocrx_word' id='word_1_156' title='bbox 454 1809 640 1876; x_wconf 87' lang='lat' dir='ltr'><strong>postveeos</strong></span> <span class='ocrx_word' id='word_1_157' title='bbox 664 1804 808 1863; x_wconf 90' lang='lat' dir='ltr'><strong>consules</strong></span> <span class='ocrx_word' id='word_1_158' title='bbox 829 1811 881 1870; x_wconf 87' lang='lat' dir='ltr'><strong>aut</strong></span> <span class='ocrx_word' id='word_1_159' title='bbox 901 1805 993 1864; x_wconf 87' lang='lat' dir='ltr'><strong>armis</strong></span> <span class='ocrx_word' id='word_1_160' title='bbox 1008 1805 1080 1866; x_wconf 92' lang='lat' dir='ltr'><strong>sub·</strong></span> 
     </span>
     <span class='ocr_line' id='line_1_21' title="bbox 96 1885 1080 1962; baseline 0.001 -15"><span class='ocrx_word' id='word_1_161' title='bbox 96 1887 159 1947; x_wconf 87' lang='lat' dir='ltr'><strong>acti</strong></span> <span class='ocrx_word' id='word_1_162' title='bbox 180 1893 230 1946; x_wconf 91' lang='lat' dir='ltr'><strong>aut</strong></span> <span class='ocrx_word' id='word_1_163' title='bbox 251 1887 405 1948; x_wconf 87' lang='lat' dir='ltr'><strong>voluntate</strong></span> <span class='ocrx_word' id='word_1_164' title='bbox 426 1885 456 1944; x_wconf 92' lang='lat' dir='ltr'><strong>in</strong></span> <span class='ocrx_word' id='word_1_165' title='bbox 478 1885 629 1946; x_wconf 82' lang='lat' dir='ltr'><strong>dicionem</strong></span> <span class='ocrx_word' id='word_1_166' title='bbox 650 1886 757 1961; x_wconf 91' lang='lat' dir='ltr'><strong>populi</strong></span> <span class='ocrx_word' id='word_1_167' title='bbox 773 1885 904 1946; x_wconf 90' lang='lat' dir='ltr'><strong>Romani</strong></span> <span class='ocrx_word' id='word_1_168' title='bbox 923 1897 1080 1962; x_wconf 87' lang='lat' dir='ltr'><strong>venerunt,</strong></span> 
     </span>
     <span class='ocr_line' id='line_1_22' title="bbox 98 1967 1079 2044; baseline -0.006 -10"><span class='ocrx_word' id='word_1_169' title='bbox 98 1985 139 2034; x_wconf 89' lang='lat' dir='ltr'><strong>ne</strong></span> <span class='ocrx_word' id='word_1_170' title='bbox 161 1984 251 2044; x_wconf 89' lang='lat' dir='ltr'><strong>quem</strong></span> <span class='ocrx_word' id='word_1_171' title='bbox 271 1985 376 2030; x_wconf 88' lang='lat' dir='ltr'><strong>eorum</strong></span> <span class='ocrx_word' id='word_1_172' title='bbox 396 1967 499 2029; x_wconf 88' lang='lat' dir='ltr'><strong>Aetoli</strong></span> <span class='ocrx_word' id='word_1_173' title='bbox 518 1968 678 2044; x_wconf 88' lang='lat' dir='ltr'><strong>recepisse</strong></span> <span class='ocrx_word' id='word_1_174' title='bbox 697 1969 800 2028; x_wconf 89' lang='lat' dir='ltr'><strong>velint.</strong></span> <span class='ocrx_word' id='word_1_175' title='bbox 835 1967 990 2029; x_wconf 85' lang='lat' dir='ltr'><strong>OenIadae</strong></span> <span class='ocrx_word' id='word_1_176' title='bbox 1011 1986 1079 2030; x_wconf 90' lang='lat' dir='ltr'><strong>cum</strong></span> 
     </span>
     <span class='ocr_line' id='line_1_23' title="bbox 101 2050 1079 2128; baseline 0.001 -15"><span class='ocrx_word' id='word_1_177' title='bbox 101 2053 177 2114; x_wconf 87' lang='lat' dir='ltr'><strong>urbe</strong></span> <span class='ocrx_word' id='word_1_178' title='bbox 202 2053 347 2128; x_wconf 87' lang='lat' dir='ltr'><strong>agrisque</strong></span> <span class='ocrx_word' id='word_1_179' title='bbox 371 2053 568 2113; x_wconf 87' lang='lat' dir='ltr'><strong>Acarnanum</strong></span> <span class='ocrx_word' id='word_1_180' title='bbox 593 2057 716 2114; x_wconf 85' lang='lat' dir='ltr'><strong>sunt0.“</strong></span> <span class='ocrx_word' id='word_1_181' title='bbox 752 2053 799 2112; x_wconf 91' lang='lat' dir='ltr'><strong>his</strong></span> <span class='ocrx_word' id='word_1_182' title='bbox 824 2051 943 2126; x_wconf 83' lang='lat' dir='ltr'><strong>legibus</strong></span> <span class='ocrx_word' id='word_1_183' title='bbox 968 2050 1079 2114; x_wconf 88' lang='lat' dir='ltr'><strong>foedus</strong></span> 
     </span>
     <span class='ocr_line' id='line_1_24' title="bbox 99 2136 1007 2198; baseline -0.006 0"><span class='ocrx_word' id='word_1_184' title='bbox 99 2139 192 2198; x_wconf 88' lang='lat' dir='ltr'><strong>ictum</strong></span> <span class='ocrx_word' id='word_1_185' title='bbox 209 2153 277 2198; x_wconf 83' lang='lat' dir='ltr'><strong>curn</strong></span> <span class='ocrx_word' id='word_1_186' title='bbox 291 2136 410 2198; x_wconf 80' lang='lat' dir='ltr'><strong>AetoIIs</strong></span> <span class='ocrx_word' id='word_1_187' title='bbox 425 2144 482 2197; x_wconf 89' lang='lat' dir='ltr'><strong>est.</strong></span> <span class='ocrx_word' id='word_1_188' title='bbox 1004 2154 1007 2162; x_wconf 57' lang='lat'><strong>¹</strong></span> 
     </span>
     <span class='ocr_line' id='line_1_25' title="bbox 183 2221 1080 2294; baseline 0 -14"><span class='ocrx_word' id='word_1_189' title='bbox 183 2221 247 2280; x_wconf 89' lang='lat' dir='ltr'>XII.</span> <span class='ocrx_word' id='word_1_190' title='bbox 266 2221 390 2281; x_wconf 81' lang='lat' dir='ltr'><strong>Eadem</strong></span> <span class='ocrx_word' id='word_1_191' title='bbox 415 2236 477 2281; x_wconf 93' lang='lat' dir='ltr'><strong>non</strong></span> <span class='ocrx_word' id='word_1_192' title='bbox 501 2227 617 2281; x_wconf 84' lang='lat' dir='ltr'><strong>aestate</strong></span> <span class='ocrx_word' id='word_1_193' title='bbox 642 2223 756 2294; x_wconf 91' lang='lat' dir='ltr'><strong>solum,</strong></span> <span class='ocrx_word' id='word_1_194' title='bbox 783 2221 838 2281; x_wconf 90' lang='lat' dir='ltr'><strong>sed</strong></span> <span class='ocrx_word' id='word_1_195' title='bbox 861 2222 951 2282; x_wconf 91' lang='lat' dir='ltr'><strong>etiam</strong></span> <span class='ocrx_word' id='word_1_196' title='bbox 971 2221 1080 2281; x_wconf 88' lang='lat' dir='ltr'><strong>lisdem</strong></span> 
     </span>
     <span class='ocr_line' id='line_1_26' title="bbox 111 2303 1083 2380; baseline 0 -16"><span class='ocrx_word' id='word_1_197' title='bbox 111 2321 200 2380; x_wconf 70' lang='lat' dir='ltr'><strong>prope</strong></span> <span class='ocrx_word' id='word_1_198' title='bbox 214 2304 332 2378; x_wconf 73' lang='lat' dir='ltr'><strong>diebus</strong></span> <span class='ocrx_word' id='word_1_199' title='bbox 349 2305 461 2378; x_wconf 90' lang='lat' dir='ltr'><strong>quibus</strong></span> <span class='ocrx_word' id='word_1_200' title='bbox 476 2303 553 2363; x_wconf 91' lang='lat' dir='ltr'><strong>haec</strong></span> <span class='ocrx_word' id='word_1_201' title='bbox 567 2303 640 2363; x_wconf 83' lang='lat' dir='ltr'><strong>alil.</strong></span> <span class='ocrx_word' id='word_1_202' title='bbox 653 2305 760 2365; x_wconf 85' lang='lat' dir='ltr'><strong>Fulvio</strong></span> <span class='ocrx_word' id='word_1_203' title='bbox 776 2308 904 2365; x_wconf 90' lang='lat' dir='ltr'><strong>consule</strong></span> <span class='ocrx_word' id='word_1_204' title='bbox 918 2305 948 2364; x_wconf 94' lang='lat' dir='ltr'><strong>in</strong></span> <span class='ocrx_word' id='word_1_205' title='bbox 962 2305 1083 2364; x_wconf 80' lang='lat' dir='ltr'><strong>Aetolia</strong></span> 
     </span>
     <span class='ocr_line' id='line_1_27' title="bbox 112 2385 1082 2462; baseline -0.004 -12"><span class='ocrx_word' id='word_1_206' title='bbox 112 2395 188 2456; x_wconf 70' lang='lat' dir='ltr'><strong>easta</strong></span> <span class='ocrx_word' id='word_1_207' title='bbox 209 2394 296 2462; x_wconf 86' lang='lat' dir='ltr'><strong>sunt,</strong></span> <span class='ocrx_word' id='word_1_208' title='bbox 316 2387 521 2448; x_wconf 74' lang='lat' dir='ltr'><strong>consolabar</strong></span> <span class='ocrx_word' id='word_1_209' title='bbox 536 2387 588 2446; x_wconf 85' lang='lat' dir='ltr'><strong>Gn.</strong></span> <span class='ocrx_word' id='word_1_210' title='bbox 602 2387 733 2448; x_wconf 90' lang='lat' dir='ltr'><strong>Manlius</strong></span> <span class='ocrx_word' id='word_1_211' title='bbox 748 2388 778 2446; x_wconf 92' lang='lat' dir='ltr'><strong>in</strong></span> <span class='ocrx_word' id='word_1_212' title='bbox 794 2387 1005 2462; x_wconf 85' lang='lat' dir='ltr'><strong>Gallograecia</strong></span> <span class='ocrx_word' id='word_1_213' title='bbox 1017 2385 1082 2446; x_wconf 90' lang='lat' dir='ltr'><strong>bel-</strong></span> 
     </span>
     <span class='ocr_line' id='line_1_28' title="bbox 114 2467 1082 2547; baseline -0.004 -15"><span class='ocrx_word' id='word_1_214' title='bbox 114 2469 165 2532; x_wconf 78' lang='lat' dir='ltr'><strong>lun</strong></span> <span class='ocrx_word' id='word_1_215' title='bbox 176 2471 288 2547; x_wconf 83' lang='lat' dir='ltr'><strong>gessit,</strong></span> <span class='ocrx_word' id='word_1_216' title='bbox 312 2471 397 2546; x_wconf 89' lang='lat' dir='ltr'><strong>quod</strong></span> <span class='ocrx_word' id='word_1_217' title='bbox 411 2485 492 2531; x_wconf 89' lang='lat' dir='ltr'><strong>nunc</strong></span> <span class='ocrx_word' id='word_1_218' title='bbox 507 2467 602 2530; x_wconf 87' lang='lat' dir='ltr'><strong>ordiri</strong></span> <span class='ocrx_word' id='word_1_219' title='bbox 616 2485 751 2545; x_wconf 88' lang='lat' dir='ltr'><strong>pergam.</strong></span> <span class='ocrx_word' id='word_1_220' title='bbox 781 2485 854 2530; x_wconf 88' lang='lat' dir='ltr'><strong>vere</strong></span> <span class='ocrx_word' id='word_1_221' title='bbox 869 2471 967 2546; x_wconf 90' lang='lat' dir='ltr'><strong>primo</strong></span> <span class='ocrx_word' id='word_1_222' title='bbox 981 2469 1082 2544; x_wconf 76' lang='lat' dir='ltr'><strong>Ephe-</strong></span> 
     </span>
     <span class='ocr_line' id='line_1_29' title="bbox 115 2551 1132 2629; baseline -0.007 -10"><span class='ocrx_word' id='word_1_223' title='bbox 115 2565 169 2619; x_wconf 69' lang='lat' dir='ltr'><strong>sia</strong></span> <span class='ocrx_word' id='word_1_224' title='bbox 191 2557 301 2616; x_wconf 87' lang='lat' dir='ltr'><strong>consul</strong></span> <span class='ocrx_word' id='word_1_225' title='bbox 322 2554 417 2629; x_wconf 86' lang='lat' dir='ltr'><strong>veuit,</strong></span> <span class='ocrx_word' id='word_1_226' title='bbox 441 2551 642 2628; x_wconf 84' lang='lat' dir='ltr'><strong>acceptisque</strong></span> <span class='ocrx_word' id='word_1_227' title='bbox 663 2552 762 2626; x_wconf 88' lang='lat' dir='ltr'><strong>copiis</strong></span> <span class='ocrx_word' id='word_1_228' title='bbox 784 2553 822 2612; x_wconf 92' lang='lat' dir='ltr'><strong>ab</strong></span> <span class='ocrx_word' id='word_1_229' title='bbox 837 2553 870 2612; x_wconf 90' lang='lat' dir='ltr'><strong>L.</strong></span> <span class='ocrx_word' id='word_1_230' title='bbox 887 2552 1033 2628; x_wconf 89' lang='lat' dir='ltr'><strong>Scipione</strong></span> <span class='ocrx_word' id='word_1_231' title='bbox 1054 2559 1084 2612; x_wconf 90' lang='lat' dir='ltr'><strong>et</strong></span> <span class='ocrx_word' id='word_1_232' title='bbox 1128 2569 1132 2576; x_wconf 86' lang='lat'><em>·</em></span> 
     </span>
     <span class='ocr_line' id='line_1_30' title="bbox 116 2635 1083 2712; baseline -0.005 -12"><span class='ocrx_word' id='word_1_233' title='bbox 116 2641 238 2701; x_wconf 70' lang='lat' dir='ltr'><strong>exeam</strong></span> <span class='ocrx_word' id='word_1_234' title='bbox 252 2639 380 2701; x_wconf 89' lang='lat' dir='ltr'><strong>lustrato</strong></span> <span class='ocrx_word' id='word_1_235' title='bbox 397 2637 570 2699; x_wconf 87' lang='lat' dir='ltr'><strong>contionem</strong></span> <span class='ocrx_word' id='word_1_236' title='bbox 584 2637 669 2712; x_wconf 91' lang='lat' dir='ltr'><strong>apud</strong></span> <span class='ocrx_word' id='word_1_237' title='bbox 682 2636 791 2697; x_wconf 89' lang='lat' dir='ltr'><strong>milites</strong></span> <span class='ocrx_word' id='word_1_238' title='bbox 806 2635 925 2710; x_wconf 88' lang='lat' dir='ltr'><strong>habuit,</strong></span> <span class='ocrx_word' id='word_1_239' title='bbox 945 2653 1007 2712; x_wconf 93' lang='lat' dir='ltr'><strong>qua</strong></span> <span class='ocrx_word' id='word_1_240' title='bbox 1021 2637 1083 2697; x_wconf 93' lang='lat' dir='ltr'><strong>col·</strong></span> 
     </span>
     <span class='ocr_line' id='line_1_31' title="bbox 118 2719 1082 2796; baseline -0.007 -10"><span class='ocrx_word' id='word_1_241' title='bbox 118 2719 225 2786; x_wconf 67' lang='lat' dir='ltr'><strong>lanata</strong></span> <span class='ocrx_word' id='word_1_242' title='bbox 239 2724 351 2784; x_wconf 88' lang='lat' dir='ltr'><strong>virtute</strong></span> <span class='ocrx_word' id='word_1_243' title='bbox 372 2737 493 2794; x_wconf 88' lang='lat' dir='ltr'><strong>eorum,</strong></span> <span class='ocrx_word' id='word_1_244' title='bbox 517 2720 602 2796; x_wconf 86' lang='lat' dir='ltr'><strong>quod</strong></span> <span class='ocrx_word' id='word_1_245' title='bbox 623 2735 692 2781; x_wconf 90' lang='lat' dir='ltr'><strong>cum</strong></span> <span class='ocrx_word' id='word_1_246' title='bbox 705 2719 860 2781; x_wconf 82' lang='lat' dir='ltr'><strong>Antiocho</strong></span> <span class='ocrx_word' id='word_1_247' title='bbox 880 2735 941 2782; x_wconf 91' lang='lat' dir='ltr'><strong>uno</strong></span> <span class='ocrx_word' id='word_1_248' title='bbox 964 2719 1082 2796; x_wconf 91' lang='lat' dir='ltr'><strong>proelio</strong></span> 
     </span>
     <span class='ocr_line' id='line_1_32' title="bbox 119 2797 1083 2878; baseline -0.006 -10"><span class='ocrx_word' id='word_1_249' title='bbox 119 2797 319 2878; x_wconf 63' lang='lat' dir='ltr'><strong>debeassem,</strong></span> <span class='ocrx_word' id='word_1_250' title='bbox 341 2805 520 2866; x_wconf 84' lang='lat' dir='ltr'><strong>adhortatus</strong></span> <span class='ocrx_word' id='word_1_251' title='bbox 536 2819 591 2866; x_wconf 88' lang='lat' dir='ltr'><strong>eos</strong></span> <span class='ocrx_word' id='word_1_252' title='bbox 606 2805 646 2866; x_wconf 91' lang='lat' dir='ltr'><strong>ad</strong></span> <span class='ocrx_word' id='word_1_253' title='bbox 661 2819 775 2865; x_wconf 91' lang='lat' dir='ltr'><strong>novum</strong></span> <span class='ocrx_word' id='word_1_254' title='bbox 790 2819 859 2864; x_wconf 92' lang='lat' dir='ltr'><strong>cum</strong></span> <span class='ocrx_word' id='word_1_255' title='bbox 875 2803 969 2864; x_wconf 86' lang='lat' dir='ltr'><strong>Gallis</strong></span> <span class='ocrx_word' id='word_1_256' title='bbox 984 2803 1083 2864; x_wconf 88' lang='lat' dir='ltr'><strong>susci-</strong></span> 
     </span>
     <span class='ocr_line' id='line_1_33' title="bbox 122 2877 1085 2973; baseline -0.012 -15"><span class='ocrx_word' id='word_1_257' title='bbox 122 2877 248 2973; x_wconf 72' lang='lat' dir='ltr'><strong>pterim</strong></span> <span class='ocrx_word' id='word_1_258' title='bbox 268 2891 395 2964; x_wconf 88' lang='lat' dir='ltr'><strong>bellum,</strong></span> <span class='ocrx_word' id='word_1_259' title='bbox 419 2887 471 2964; x_wconf 92' lang='lat' dir='ltr'><strong>qui</strong></span> <span class='ocrx_word' id='word_1_260' title='bbox 491 2895 521 2950; x_wconf 90' lang='lat' dir='ltr'><strong>et</strong></span> <span class='ocrx_word' id='word_1_261' title='bbox 535 2888 657 2950; x_wconf 86' lang='lat' dir='ltr'><strong>auxiliis</strong></span> <span class='ocrx_word' id='word_1_262' title='bbox 672 2889 823 2950; x_wconf 91' lang='lat' dir='ltr'><strong>iuvissent</strong></span> <span class='ocrx_word' id='word_1_263' title='bbox 834 2888 1033 2962; x_wconf 89' lang='lat' dir='ltr'><strong>Antiochum,</strong></span> <span class='ocrx_word' id='word_1_264' title='bbox 1055 2892 1085 2946; x_wconf 89' lang='lat' dir='ltr'><strong>et</strong></span> 
     </span>
     <span class='ocr_line' id='line_1_34' title="bbox 122 2965 1084 3049; baseline -0.007 -12"><span class='ocrx_word' id='word_1_265' title='bbox 122 2965 202 3025; x_wconf 69' lang='lat' dir='ltr'><strong>t²d0⁰</strong></span> <span class='ocrx_word' id='word_1_266' title='bbox 218 2975 344 3037; x_wconf 72' lang='lat' dir='ltr'><strong>laomim</strong></span> <span class='ocrx_word' id='word_1_267' title='bbox 356 2973 507 3034; x_wconf 89' lang='lat' dir='ltr'><strong>haberent</strong></span> <span class='ocrx_word' id='word_1_268' title='bbox 519 2973 649 3048; x_wconf 86' lang='lat' dir='ltr'><strong>ingenia,</strong></span> <span class='ocrx_word' id='word_1_269' title='bbox 664 2979 699 3033; x_wconf 92' lang='lat' dir='ltr'><strong>ut</strong></span> <span class='ocrx_word' id='word_1_270' title='bbox 712 2971 901 3049; x_wconf 90' lang='lat' dir='ltr'><strong>nequiquam</strong></span> <span class='ocrx_word' id='word_1_271' title='bbox 911 2972 1084 3035; x_wconf 70' lang='lat' dir='ltr'><strong>Antilochus</strong></span> 
     </span>
     <span class='ocr_line' id='line_1_35' title="bbox 123 3052 1085 3132; baseline -0.004 -14"><span class='ocrx_word' id='word_1_272' title='bbox 123 3052 322 3119; x_wconf 72' lang='lat' dir='ltr'><strong>emotusmra</strong></span> <span class='ocrx_word' id='word_1_273' title='bbox 342 3057 415 3132; x_wconf 85' lang='lat' dir='ltr'><strong>iuga</strong></span> <span class='ocrx_word' id='word_1_274' title='bbox 428 3057 519 3118; x_wconf 85' lang='lat' dir='ltr'><strong>Tauri</strong></span> <span class='ocrx_word' id='word_1_275' title='bbox 539 3057 652 3117; x_wconf 88' lang='lat' dir='ltr'><strong>montis</strong></span> <span class='ocrx_word' id='word_1_276' title='bbox 673 3063 771 3132; x_wconf 88' lang='lat' dir='ltr'><strong>esset,</strong></span> <span class='ocrx_word' id='word_1_277' title='bbox 793 3057 852 3117; x_wconf 85' lang='lat' dir='ltr'><strong>nIsi</strong></span> <span class='ocrx_word' id='word_1_278' title='bbox 874 3057 1085 3132; x_wconf 79' lang='lat' dir='ltr'><strong>frangerentur</strong></span> 
     </span>
     <span class='ocr_line' id='line_1_36' title="bbox 125 3127 1086 3225; baseline -0.007 -21"><span class='ocrx_word' id='word_1_279' title='bbox 125 3145 208 3225; x_wconf 42' lang='lat'><strong>⁰90⁸,</strong></span> <span class='ocrx_word' id='word_1_280' title='bbox 221 3127 367 3212; x_wconf 59' lang='lat' dir='ltr'><strong>Gnarum</strong></span> <span class='ocrx_word' id='word_1_281' title='bbox 389 3142 429 3201; x_wconf 87' lang='lat' dir='ltr'><strong>de</strong></span> <span class='ocrx_word' id='word_1_282' title='bbox 450 3155 486 3201; x_wconf 87' lang='lat' dir='ltr'><strong>se</strong></span> <span class='ocrx_word' id='word_1_283' title='bbox 508 3154 634 3216; x_wconf 88' lang='lat' dir='ltr'><strong>quoque</strong></span> <span class='ocrx_word' id='word_1_284' title='bbox 654 3155 768 3216; x_wconf 88' lang='lat' dir='ltr'><strong>pauca,</strong></span> <span class='ocrx_word' id='word_1_285' title='bbox 790 3155 848 3200; x_wconf 91' lang='lat' dir='ltr'><strong>nec</strong></span> <span class='ocrx_word' id='word_1_286' title='bbox 868 3141 946 3199; x_wconf 85' lang='lat' dir='ltr'><strong>falsa</strong></span> <span class='ocrx_word' id='word_1_287' title='bbox 959 3154 1017 3199; x_wconf 89' lang='lat' dir='ltr'><strong>nec</strong></span> <span class='ocrx_word' id='word_1_288' title='bbox 1031 3139 1086 3196; x_wconf 90' lang='lat' dir='ltr'><strong>im·</strong></span> 
     </span>
     <span class='ocr_line' id='line_1_37' title="bbox 127 3214 1085 3299; baseline -0.006 -15"><span class='ocrx_word' id='word_1_289' title='bbox 127 3214 258 3284; x_wconf 62' lang='lat' dir='ltr'><strong>modlssh</strong></span> <span class='ocrx_word' id='word_1_290' title='bbox 273 3225 369 3286; x_wconf 69' lang='lat' dir='ltr'><strong>aiecit.</strong></span> <span class='ocrx_word' id='word_1_291' title='bbox 398 3225 468 3286; x_wconf 89' lang='lat' dir='ltr'><strong>laeti</strong></span> <span class='ocrx_word' id='word_1_292' title='bbox 483 3225 593 3286; x_wconf 87' lang='lat' dir='ltr'><strong>milites</strong></span> <span class='ocrx_word' id='word_1_293' title='bbox 610 3239 680 3284; x_wconf 90' lang='lat' dir='ltr'><strong>cum</strong></span> <span class='ocrx_word' id='word_1_294' title='bbox 694 3224 846 3299; x_wconf 88' lang='lat' dir='ltr'><strong>frequenti</strong></span> <span class='ocrx_word' id='word_1_295' title='bbox 860 3224 997 3284; x_wconf 85' lang='lat' dir='ltr'><strong>adsensa</strong></span> <span class='ocrx_word' id='word_1_296' title='bbox 1012 3237 1085 3282; x_wconf 88' lang='lat' dir='ltr'><strong>con-</strong></span> 
     </span>
    </p>
   </div>
   <div class='ocr_carea' id='block_1_3' title="bbox 129 3300 1200 3468">
    <p class='ocr_par' dir='ltr' id='par_1_3' title="bbox 129 3300 1200 3468">
     <span class='ocr_line' id='line_1_38' title="bbox 129 3300 1200 3383; baseline -0.001 -19"><span class='ocrx_word' id='word_1_297' title='bbox 129 3300 228 3362; x_wconf 76' lang='lat' dir='ltr'><strong>sulem</strong></span> <span class='ocrx_word' id='word_1_298' title='bbox 249 3309 418 3381; x_wconf 65' lang='lat' dir='ltr'><strong>alivarum,</strong></span> <span class='ocrx_word' id='word_1_299' title='bbox 440 3315 557 3383; x_wconf 85' lang='lat' dir='ltr'><strong>partem</strong></span> <span class='ocrx_word' id='word_1_300' title='bbox 577 3307 687 3368; x_wconf 79' lang='lat' dir='ltr'><strong>vinum</strong></span> <span class='ocrx_word' id='word_1_301' title='bbox 705 3305 849 3368; x_wconf 84' lang='lat' dir='ltr'><strong>Antiochi</strong></span> <span class='ocrx_word' id='word_1_302' title='bbox 869 3305 967 3366; x_wconf 87' lang='lat' dir='ltr'><strong>fuisse</strong></span> <span class='ocrx_word' id='word_1_303' title='bbox 982 3305 1086 3366; x_wconf 87' lang='lat' dir='ltr'><strong>Gallos</strong></span> <span class='ocrx_word' id='word_1_304' title='bbox 1199 3347 1200 3352; x_wconf 19' lang='grc' dir='ltr'>η</span> 
     </span>
     <span class='ocr_line' id='line_1_39' title="bbox 130 3380 1087 3468; baseline -0.004 -18"><span class='ocrx_word' id='word_1_305' title='bbox 130 3380 306 3452; x_wconf 69' lang='lat' dir='ltr'><strong>credentes,</strong></span> <span class='ocrx_word' id='word_1_306' title='bbox 318 3407 374 3468; x_wconf 84' lang='lat' dir='ltr'><strong>ege</strong></span> <span class='ocrx_word' id='word_1_307' title='bbox 396 3397 541 3467; x_wconf 89' lang='lat' dir='ltr'><strong>superato</strong></span> <span class='ocrx_word' id='word_1_308' title='bbox 563 3393 679 3452; x_wconf 87' lang='lat' dir='ltr'><strong>nullum</strong></span> <span class='ocrx_word' id='word_1_309' title='bbox 693 3397 877 3452; x_wconf 90' lang='lat' dir='ltr'><strong>momentum</strong></span> <span class='ocrx_word' id='word_1_310' title='bbox 893 3388 924 3449; x_wconf 93' lang='lat' dir='ltr'><strong>in</strong></span> <span class='ocrx_word' id='word_1_311' title='bbox 939 3387 1015 3450; x_wconf 89' lang='lat' dir='ltr'><strong>solis</strong></span> <span class='ocrx_word' id='word_1_312' title='bbox 1032 3403 1087 3464; x_wconf 91' lang='lat' dir='ltr'><strong>per</strong></span> 
     </span>
    </p>
   </div>
   <div class='ocr_carea' id='block_1_4' title="bbox 0 0 1269 3898">
    <p class='ocr_par' dir='ltr' id='par_1_4' title="bbox 0 0 1269 3898">
     <span class='ocr_line' id='line_1_40' title="bbox 0 0 1269 3898; baseline 0 0"><span class='ocrx_word' id='word_1_313' title='bbox 0 0 1269 3898; x_wconf 95' lang='lat' dir='ltr'><strong> </strong></span> 
     </span>
    </p>
   </div>
  </div>
 </body>
</html>
