2482 3900
167 206 210 268 aa
322 204 551 266 nrannxxrn.
576 201 770 262 caemar.
796 200 994 276 [ausen

167 360 268 436 copiis
284 358 419 433 equitum
433 354 573 430 levisque
588 360 758 413 arcuatur-ae
776 357 972 427 pugnaturus
987 363 1047 412 rex
1061 355 1161 426 esset,

167 451 259 505 nocte
281 447 448 511 caetratos,
471 454 551 514 quos
571 438 720 512 peltastas
736 443 863 507 vocant,
886 436 957 494 loco
975 440 1160 510 opportuno

166 528 244 586 inter
269 526 341 585 bina
367 531 468 583 castra
488 525 519 581 in
540 520 659 580 insidiis
684 518 859 592 abdiderat,
886 525 1162 594 praeceperatque

165 610 382 684 Athenagorae
397 613 427 666 et
440 605 602 680 equitibus,
617 612 658 677 ut,
673 603 701 662 si
715 610 823 677 aperto
835 602 956 678 proelio
968 602 1162 677 procederet
1229 655 1230 674 ,

165 709 225 763 res,
241 697 396 752 uterentur
411 691 547 761 fortuna,
567 687 719 760 siminus,
736 685 877 746 cedendo
893 685 1012 745 sensim
1026 686 1067 746 ad
1081 685 1161 746 insi·
1229 683 1230 686 ’

167 777 286 838 diarum
307 776 408 834 locum
423 773 542 832 hostem
557 769 777 846 pertraherent.
812 775 843 829 et
856 770 1013 844 equitatus
1029 770 1161 845 quidem

167 857 276 920 sessile
305 859 401 917 duces
428 861 579 916 caetratae
604 853 756 927 cohortis,
782 869 845 914 non
872 854 948 914 satis
971 859 1160 928 exspectato

167 943 265 1016 signo,
282 949 352 1002 ante
366 947 487 1015 tempus
503 937 641 998 excitatis
656 937 722 998 suis
738 937 936 998 occasionem
947 936 1028 996 bene
1044 952 1160 1012 geren·

167 1027 226 1088 dae
240 1026 286 1085 rei
296 1024 436 1084 amisere.
458 1024 616 1083 Romanus
628 1028 659 1080 et
668 1028 775 1096 aperto
786 1022 905 1098 proelio
920 1021 1019 1080 victor
1030 1030 1062 1081 et
1071 1027 1160 1084 tutus
1230 1023 1231 1054 ³

167 1126 185 1170 a
201 1109 309 1170 fraude
323 1108 502 1169 insidiarum
516 1106 548 1166 in
563 1113 664 1166 castra
678 1119 750 1164 sese
765 1105 892 1180 recepit.

252 1193 379 1252 Postero
400 1191 450 1250 die
465 1191 573 1250 consul
589 1187 731 1249 omnibus
747 1187 846 1262 copiis
862 1189 892 1247 in
907 1189 1006 1248 aciem
1021 1188 1158 1248 descen·

167 1278 294 1336 <litante
314 1277 413 1352 prima
433 1275 521 1349 signa
537 1273 646 1334 locatis
667 1272 855 1347 elephantis;
881 1288 943 1348 quo
959 1272 1075 1333 auxilio
1093 1281 1158 1334 tum

166 1361 297 1436 primurn
312 1360 455 1432 Romani,
481 1358 552 1432 quia
573 1365 682 1432 captos
698 1357 815 1430 aliquot
828 1357 909 1417 bello
925 1355 1043 1416 Punico
1058 1357 1159 1418 habe·
1231 1425 1232 1430 ἵ

166 1445 248 1517 bant,
263 1444 312 1502 usi
328 1449 407 1501 sunt.
438 1441 491 1500 ubi
505 1441 647 1500 latentem
661 1441 739 1500 intra
753 1441 867 1500 vallum
881 1439 1004 1501 hostem
1021 1441 1106 1514 vidit,
1122 1442 1156 1500 in

166 1527 300 1588 tumulos
319 1539 443 1601 quoque
458 1538 495 1581 ae
510 1523 568 1582 sub
584 1523 683 1597 ipsum
698 1523 812 1583 vallum
827 1524 1023 1599 exprobrans
1038 1531 1158 1585 metum

166 1608 326 1669 successit.
360 1615 524 1682 postquam
544 1622 582 1665 ne
603 1613 666 1666 tum
688 1606 812 1682 quidem
830 1614 971 1682 potestas
992 1610 1158 1684 pugnandi

167 1693 310 1765 dabatur,
335 1693 406 1767 quia
420 1705 460 1749 ex
473 1697 535 1749 tam
552 1690 736 1766 propinquis
751 1691 871 1752 stativis
886 1707 997 1768 parum
1011 1698 1078 1753 tuta
1093 1693 1157 1753 fru-
1232 1753 1233 1764 ,

167 1775 309 1834 alternatio
334 1782 413 1849 erat,
434 1775 595 1849 dispersos
615 1775 725 1835 milites
746 1789 910 1850 peragras
925 1775 1086 1852 equitibus
1103 1791 1145 1836 ex
1232 1775 1233 1782 ’

168 1861 279 1932 templo
295 1859 457 1931 irruasuris,
474 1864 544 1918 octo
560 1859 624 1918 fere
638 1858 710 1918 inde
725 1858 815 1934 milia,
831 1859 994 1920 intervallo
1009 1860 1158 1922 tutiorem

168 1943 430 2004 frumentationem
451 1941 624 2016 habiturus,
647 1948 748 2002 castra
763 1941 803 2002 ad
817 1941 993 2005 Ottolobum
1003 1945 1159 2006 -idest

168 2029 237 2088 loco
253 2041 363 2088 nornen
377 2059 420 2070 -
431 2026 535 2086 movit.
571 2023 639 2085 cum
654 2025 686 2085 in
700 2025 878 2103 propinquo
894 2042 969 2102 agro
985 2028 1157 2089 frumenta·

168 2118 272 2171 rentur
291 2109 436 2184 Romani,
458 2108 556 2184 primo
577 2125 633 2169 rex
654 2107 733 2170 intra
752 2111 866 2170 vallum
888 2126 964 2172 suos
984 2113 1101 2187 tenuit,
1124 2119 1159 2172 ut

169 2201 321 2253 cresceret
344 2194 435 2255 simul
462 2201 492 2252 et
511 2194 704 2268 neglegentia
730 2210 799 2254 cum
824 2195 955 2256 audacia
975 2194 1068 2256 hosti.
1103 2197 1158 2256 ubi

168 2277 286 2339 effusos
301 2277 391 2352 vidit,
413 2291 480 2337 cum
498 2277 579 2337 ornni
594 2277 730 2354 equitatu
745 2285 776 2338 et
790 2279 981 2340 Cretensium
995 2279 1156 2341 annillan-

170 2361 241 2436 bus,
258 2369 404 2436 quantum
419 2362 552 2436 equitem
566 2361 753 2422 velocissimi
767 2363 889 2438 pedites
904 2379 1001 2424 cursu
1015 2379 1158 2440 aequare

168 2451 324 2522 poterant,
348 2446 438 2507 citato
454 2447 611 2522 profectus
626 2446 745 2521 agmine
760 2448 839 2508 inter
853 2454 956 2508 castra
967 2449 1113 2524 Romana
1127 2457 1160 2510 et

168 2532 401 2591 frumentatores
427 2530 582 2592 constituit
607 2529 704 2607 signa.
736 2531 809 2593 inde
830 2531 928 2607 copiis
950 2531 1062 2592 divisis
1083 2549 1156 2608 par-

168 2625 228 2676 tem
253 2615 293 2675 ad
314 2616 540 2677 consectandos
566 2630 664 2690 vagos
690 2616 924 2676 frumentatores
950 2617 1054 2677 omisit
1080 2617 1155 2678 dato

169 2699 268 2774 signo,
283 2717 324 2760 ne
340 2715 430 2776 quem
444 2700 546 2760 vivum
561 2699 784 2776 relinquerent;
807 2715 875 2760 cum
890 2707 978 2774 parte
993 2703 1064 2776 lpse
1081 2701 1156 2762 sub-

169 2784 254 2857 stitit,
280 2783 451 2864 itineraque
472 2783 583 2858 quibus
603 2784 644 2842 ad
670 2790 771 2843 castra
790 2783 946 2844 recursuri
970 2785 1158 2846 videbantur

168 2868 275 2928 hostes
298 2869 428 2928 obsedit.
463 2868 523 2927 iam
543 2867 661 2943 passim
685 2867 798 2927 caedes
819 2883 856 2928 ac
877 2869 950 2943 fuga
973 2877 1053 2943 erat,
1082 2884 1156 2930 nec-

170 2952 242 3012 dum
264 2952 427 3029 quisquam
447 2951 477 3011 in
501 2958 602 3013 castra
621 2953 761 3014 Romana
780 2953 904 3013 nuntius
927 2953 1025 3013 cladis
1041 2968 1155 3028 perve-

170 3044 269 3112 nerat,
292 3038 364 3112 quia
384 3035 570 3112 refugientes
591 3037 621 3097 in
638 3037 754 3112 regiam
775 3037 938 3098 stationem
958 3037 1155 3108 incidebant;

170 3133 200 3184 et
214 3124 319 3200 plures
341 3123 379 3184 ab
400 3122 611 3184 obsidentibus
632 3122 699 3182 vias
721 3137 813 3198 quam
834 3121 873 3181 ab
888 3121 1010 3182 emissis
1026 3121 1068 3181 ad
1083 3138 1155 3183 cae·

170 3209 239 3269 dem
254 3207 520 3272 interficiebantur.
542 3209 665 3270 tandem
679 3208 757 3267 inter
769 3206 887 3266 medias
898 3205 1034 3268 hosdan
1045 3206 1154 3268 statio·

170 3310 226 3356 nes
248 3295 346 3372 elapsi
367 3293 490 3371 quidam
510 3293 621 3372 trepidi
641 3293 800 3354 tumultum
814 3291 912 3366 magis
928 3306 1020 3366 quam
1035 3298 1153 3353 certum

171 3381 307 3440 nuntium
335 3381 499 3443 intulerunt
528 3379 644 3442 castus.
679 3376 827 3438 XXXVII.
856 3377 966 3438 consul
993 3372 1153 3451 equitibus

170 3466 272 3539 iussis,
290 3483 350 3542 qua
366 3466 498 3543 quisque
513 3475 628 3544 posset,
645 3477 736 3539 opem
751 3463 830 3521 ferre
846 3459 1065 3534 laborantibus,
1081 3458 1154 3535 ipse
