2482 3902
206 243 248 309 aa
328 239 576 304 rmunxxxu.
599 239 849 302 chamaan.
872 239 1066 316 [aumas]

208 400 284 462 duas
310 397 395 456 iaces
421 393 605 456 novantibus
626 408 677 453 res
697 393 737 454 ad
759 393 881 467 plebem
902 393 933 454 in
955 393 1109 470 optimates
1127 411 1168 456 ac·

208 480 408 544 candendam.
931 471 941 494 ⁴

290 563 422 626 XXXIX.
453 561 620 636 Postquam
648 560 678 619 in
699 565 851 635 potestate
870 561 1055 636 Argivorum
1078 561 1169 622 civitas

207 655 285 722 erat,
307 645 380 707 nihil
397 644 465 707 eius
479 659 597 706 memor
610 649 776 721 tyrannus,
797 661 893 720 aquo
909 659 976 705 eam
992 645 1134 707 civitatem
1146 652 1169 706 et

207 733 237 792 in
249 747 342 807 quam
353 727 565 790 condicionem
577 727 760 802 accepisset,
771 729 890 803 legatos
900 728 1038 790 Elateam
1048 727 1168 801 adQuin·

208 814 299 877 etium
314 821 345 874 et
356 815 490 876 Attalum
502 811 641 888 Aeginae
655 809 866 872 hibernantem
879 812 980 885 mittit,
1004 811 1056 888 qui
1070 813 1168 872 naaha-

206 907 274 960 rent
287 901 390 972 Argos
411 895 442 958 in
458 902 609 972 potestate
623 909 680 956 sua
695 909 782 956 esse:
803 911 841 958 eo
857 893 885 956 si
898 894 1017 957 veniret
1031 894 1168 971 Quinctius

207 985 248 1044 ad
264 981 465 1058 colloquium,
486 996 548 1042 non
571 978 712 1039 diffidere
727 977 787 1040 sibi
801 979 903 1039 omnia
918 995 987 1041 cum
1002 996 1039 1042 eo
1054 995 1168 1041 conven-

207 1077 284 1129 tura.
314 1064 472 1140 Quinctius
492 1069 576 1124 uteo
593 1078 718 1140 quoque
733 1063 888 1138 praesidio
904 1063 1077 1141 Philippum
1089 1063 1167 1124 nuda-

207 1157 267 1226 ret,
289 1165 358 1210 oum
373 1148 531 1210 adnuisset
545 1163 580 1208 se
594 1153 770 1221 venturum,
785 1147 874 1207 mittit
887 1147 926 1208 ad
943 1148 1085 1222 Attalum,
1099 1156 1128 1208 ut
1139 1145 1168 1206 al

206 1233 327 1310 Aegina
343 1232 509 1309 Sicyonem
530 1229 589 1292 sibi
611 1237 800 1301 occurreret;
823 1230 892 1306 ipse
913 1231 951 1292 ab
965 1233 1111 1310 Anticyra
1127 1231 1168 1289 de

208 1335 274 1379 cem
289 1315 570 1394 quinqueremibus,
592 1331 670 1390 quas
685 1315 722 1375 iis
737 1315 815 1375 iorte
829 1313 906 1390 ipsis
922 1315 1033 1378 diebus
1047 1315 1080 1375 L.
1095 1314 1168 1394 Quin·

207 1403 285 1464 otius
307 1403 399 1462 irater
413 1401 480 1461 eius
496 1399 668 1459 adduxerat
681 1413 721 1458 ex
735 1398 871 1460 hibernis
887 1397 1058 1479 Corcyrae,
1078 1397 1164 1472 Sicyo

206 1503 276 1547 nem
297 1484 434 1546 tramisit.
468 1485 528 1543 iam
547 1481 588 1542 ibi
601 1483 723 1542 Attalus
744 1489 825 1553 erat;
850 1483 903 1558 qui
918 1498 988 1544 cum
1001 1492 1126 1563 tyranno
1139 1479 1168 1542 ad
1213 1481 1214 1500 ¹

206 1573 376 1632 Romanum
397 1568 626 1642 imperatorem,
647 1583 709 1626 non
722 1567 861 1628 Romano
882 1566 923 1628 ad
937 1573 1099 1644 tyrannum
1111 1581 1168 1626 eun·

207 1655 277 1714 dum
300 1653 428 1724 diceret,
449 1652 480 1709 in
496 1649 677 1710 sententiam
692 1667 778 1710 suam
794 1649 966 1724 Quinctium
979 1650 1122 1723 traduxit,
1139 1662 1169 1708 ne

206 1739 236 1796 in
250 1735 358 1795 urbem
379 1733 480 1809 ipsam
493 1735 596 1808 Argos
611 1733 678 1794 iret
713 1734 796 1794 haud
814 1736 922 1809 procul
935 1736 1015 1797 urbe
1028 1731 1169 1814 Mycenica

206 1826 348 1880 vocatur:
363 1816 393 1877 in
406 1833 443 1879 eo
459 1817 528 1879 loco
540 1823 574 1878 ut
585 1818 845 1892 congrederentur
856 1819 1008 1880 convenit.
1033 1815 1168 1894 Quinctius

207 1919 276 1964 eum
296 1903 388 1962 tratre
409 1909 440 1962 et
451 1899 581 1962 tribunis
597 1900 723 1962 militum
738 1902 861 1978 paucis,
882 1903 1005 1964 Attalus
1021 1919 1089 1963 cunr
1100 1897 1169 1976 regio

206 1987 359 2062 comitatu,
370 1985 561 2046 Nicostratus
567 1985 763 2046 Achaeorum
774 1993 978 2061 praeteream
989 1983 1169 2048 auxiliaribus

206 2071 315 2148 paucis
331 2071 422 2130 venit.
442 2078 607 2147 tyrannum
622 2068 665 2129 ibi
680 2084 748 2129 cum
760 2069 902 2131 omnibus
914 2070 1014 2145 copiis
1026 2068 1169 2147 opperien-

207 2164 266 2216 tem
281 2156 472 2214 invenerunt.
507 2167 694 2227 progressus
708 2160 842 2215 armatus
858 2171 928 2215 curn
942 2153 1120 2215 satellitibus
1132 2167 1170 2210 ar·

152 2241 155 2248 '
206 2239 295 2298 matis
321 2244 370 2297 est
388 2235 418 2296 in
438 2236 572 2296 medium
593 2239 657 2296 iere
682 2237 890 2299 interiacentis
913 2239 1031 2314 campi:
1049 2234 1169 2298 'inermis

207 2319 364 2396 Quinctius
387 2337 457 2381 cum
476 2322 569 2381 fratre
590 2328 621 2382 et
634 2321 757 2383 duobus
771 2320 901 2383 tribunis
915 2320 1059 2399 militum,
1080 2318 1170 2381 inermi

207 2407 277 2466 item
291 2403 356 2480 regi
376 2411 500 2480 praetor
512 2405 707 2466 Achaeorum
722 2412 753 2466 et
767 2423 846 2467 unus
862 2422 901 2467 ex
916 2407 1092 2482 purpuratis
1105 2407 1170 2464 latus

207 2489 379 2564 cingebant.
411 2489 528 2550 initium
548 2489 700 2551 sermonis
722 2490 760 2550 ab
781 2490 980 2552 excusatione
1000 2487 1120 2570 tyranni
1133 2501 1170 2547 or·

208 2581 277 2650 tum,
295 2573 380 2649 quod
394 2581 528 2634 umatus
544 2574 612 2650 ipse
623 2572 809 2650 armatisque
820 2580 958 2650 saeptus,
974 2589 1045 2637 cum
1055 2574 1170 2636 inermes

207 2661 378 2719 Romanum
391 2657 605 2732 imperatorem
619 2673 786 2734 regemque
797 2664 943 2734 cerneret,
958 2659 989 2718 in
1002 2654 1171 2733 colloquium

206 2741 357 2800 venissem
386 2756 488 2814 neque
509 2741 588 2800 enim
609 2757 645 2800 se
665 2740 735 2802 illos
756 2742 862 2803 timere
877 2743 968 2817 dixit,
989 2743 1047 2804 sed
1061 2739 1170 2803 exsules

205 2824 398 2898 Argivorum.
425 2823 497 2882 inde
511 2823 564 2884 ubi
579 2824 618 2882 de
632 2825 864 2888 condicionibus
879 2825 1029 2887 arnieitiae
1045 2829 1171 2900 coeptum

207 2907 256 2982 agi
271 2913 327 2980 est,
336 2907 494 2966 Romanas
509 2907 588 2967 duas
602 2909 759 2981 postulare
773 2925 938 2984 resonam
948 2918 983 2972 ut
992 2911 1104 2971 bellum
1114 2919 1170 2966 cun

205 2988 339 3050 Achaeis
360 2988 474 3063 liniret,
498 2991 623 3052 alteram
643 2999 677 3052 ut
695 2993 847 3054 adversus
867 2993 1039 3070 Philippum
1056 2991 1171 3054 mitteret

208 3089 314 3135 secum
340 3071 463 3132 auxilia.
500 3089 537 3134 ea
557 3090 593 3134 se
613 3075 778 3138 missurum
807 3076 897 3138 dixit:
929 3095 986 3154 pro
1012 3093 1089 3154 paee
1113 3087 1169 3134 cum

205 3156 340 3219 Achaeis
354 3155 489 3217 indutiae
502 3156 696 3234 impetratae,
719 3161 819 3222 donee
833 3161 947 3222 bellum
961 3177 1029 3222 curn
1043 3159 1170 3233 Philippo

205 3242 351 3302 finiretur.
372 3240 433 3300 XL.
456 3241 495 3300 de
504 3243 598 3318 Argis
614 3259 737 3319 quoque
752 3245 933 3321 disceptatio
948 3245 987 3306 ab
998 3245 1098 3307 Attalo
1109 3251 1172 3314 rege

206 3333 253 3386 est
266 3333 364 3401 mota,
387 3340 456 3385 oum
477 3325 584 3387 fraude
597 3325 739 3388 Philoclis
760 3329 912 3404 proditam
926 3329 1033 3390 urbem
1046 3327 1077 3387 vi
1091 3325 1126 3386 ab
1139 3337 1170 3380 eo

207 3409 303 3467 teneri
323 3415 480 3484 arguerem
502 3409 552 3470 ille
573 3410 612 3471 ab
632 3409 711 3486 ipsis
731 3411 871 3488 Argivis,
892 3421 926 3474 ut
946 3429 980 3475 se
996 3409 1170 3476 defenderet,

204 3490 346 3551 accitum.
369 3493 541 3554 contionem
554 3508 610 3554 rex
624 3495 1005 3573 Argivorum-postulabat,
1020 3503 1053 3557 ut
1066 3495 1096 3554 id
1110 3486 1170 3552 sciri
