2482 3900
194 203 236 265 34
348 201 463 261 LlBER
473 199 578 260 XXXI.
602 197 684 259 CAP.
697 205 741 260 38.
752 205 797 260 39.
821 203 857 272 [a.
870 201 904 254 U.
916 218 940 252 c.
953 200 1016 267 552]

193 357 306 417 ducere
322 354 482 414 debuisse=
504 369 563 413 nec
577 353 657 413 euim
668 367 832 412 mansuros
847 349 889 411 ita
901 353 1062 426 perculsos
1074 350 1173 412 hostis

193 440 300 510 luisse,
316 435 525 512 debellarique
539 444 692 498 momento
706 434 854 517 temporis
871 436 1021 510 potuisse.
1044 435 1077 495 id
1091 435 1174 495 dictu

194 539 286 598 quam
299 537 343 595 re,
359 527 392 580 ut
406 521 562 596 pleraque,
578 521 697 580 facilius
713 528 787 580 erat.
810 535 881 579 nam
895 520 922 579 si
934 519 1075 579 omnibus
1088 520 1173 594 pedi-

190 615 255 666 tum
277 620 401 680 quoque
419 604 517 679 copiis
534 619 720 678 congressus
735 619 791 664 rex
806 603 930 676 luisset,
953 603 1081 664 forsitan
1096 603 1175 661 inter

191 691 365 762 tumultum,
387 705 455 748 cum
477 702 585 748 omnes
605 687 836 763 victimamque
850 687 986 761 perculsi
1000 701 1040 746 ex
1053 687 1174 757 proelio

191 774 270 832 intra
296 773 408 832 vallum
437 773 574 846 protinus
604 771 675 830 inde
703 769 961 846 supervadentem
988 769 1173 830 munimenta

191 857 338 917 victorem
352 855 471 915 hostem
491 857 638 930 lugerent,
654 854 725 916 exui
741 855 849 914 castris
864 854 996 928 potuerit
1010 869 1076 913 rex.
1106 869 1172 914 cum

192 956 265 1000 vero
286 939 422 1014 integrae
443 938 551 1014 copiae
566 939 702 1012 pediturn
717 939 747 997 in
764 938 873 998 castris
888 938 1089 1011 mansissent,
1113 945 1173 997 sta·

191 1024 290 1084 tiones
316 1031 385 1084 ante
409 1031 515 1097 portas
542 1022 759 1098 praesidiaque
781 1023 933 1097 disposita
952 1028 1072 1096 essent,
1100 1021 1171 1095 quid

191 1108 250 1167 nisi
265 1115 298 1168 ut
311 1107 509 1168 temeritatem
528 1105 612 1181 regis
633 1105 732 1166 effuse
748 1107 841 1181 paulo
856 1113 926 1165 ante
940 1105 1039 1166 secuti
1052 1107 1170 1179 percul-

191 1207 245 1253 sos
262 1192 379 1266 equites
395 1189 576 1263 imitaretur,
599 1190 805 1264 proiecissett
826 1205 927 1265 neque
942 1189 1022 1250 enim
1036 1203 1076 1247 ne
1090 1189 1172 1264 regis

193 1276 315 1352 quidem
331 1275 461 1350 primunr
476 1273 646 1347 consilium,
663 1290 725 1348 quo
740 1273 884 1348 impetum
896 1273 926 1332 in
938 1274 1173 1334 frumentatores

191 1361 311 1436 palatos
327 1375 384 1434 per
398 1374 490 1434 agros
506 1358 586 1432 lecit,
604 1357 889 1432 reprehendendum
903 1358 991 1429 loret
1008 1357 1034 1416 si
1049 1357 1172 1416 modum

190 1457 362 1519 prosperae
390 1457 513 1517 pugnae
538 1441 747 1516 imposuisset.
780 1457 818 1502 eo
847 1456 972 1516 quoque
998 1440 1097 1500 minus
1122 1446 1173 1498 est

189 1527 297 1586 mirum
319 1533 485 1600 temptasse
500 1541 570 1584 eum
587 1525 754 1599 fortunam,
778 1526 861 1600 quod
877 1525 959 1584 lama
973 1532 1039 1584 erat
1050 1523 1171 1582 Pleura-

189 1618 252 1670 tum
266 1609 492 1684 Dardanosque
512 1608 685 1682 ingentibus
708 1607 806 1683 oopiis
827 1610 982 1683 proiectos
1005 1609 1097 1668 domo
1113 1608 1172 1666 iam

190 1693 220 1752 in
234 1691 446 1752 Macedoniam
460 1692 706 1763 transcendisse;
729 1693 840 1767 quibus
854 1693 881 1752 si
895 1693 1033 1766 undique
1046 1691 1170 1751 circum-

190 1783 299 1837 ventus
326 1776 424 1852 copiis
450 1777 543 1848 toret,
574 1776 731 1836 sedentem
756 1777 928 1837 Romanum
954 1775 1172 1836 debellaturum

192 1861 274 1919 credi
297 1866 426 1934 poterat.
455 1860 560 1934 itaque
575 1861 745 1921 secundum
759 1861 838 1920 duas
854 1861 1004 1920 adversas
1019 1859 1172 1934 equestris

189 1960 310 2018 pugnas
331 1947 425 2005 multo
446 1945 546 2004 minus
567 1950 660 2004 tutam
681 1960 797 2004 moram
813 1945 843 2003 in
858 1945 958 2004 isdem
972 1943 1092 2004 stativis
1107 1943 1173 2002 iore

188 2026 348 2104 Philippus
370 2035 471 2102 ratus,
495 2043 563 2088 cum
580 2026 663 2088 abire
678 2028 750 2088 inde
765 2036 795 2088 et
808 2029 914 2087 tallere
928 2027 1036 2088 abiens
1051 2026 1172 2088 hostem

190 2113 295 2185 vellet,
317 2113 521 2173 caduceatore
542 2110 600 2170 sub
622 2127 768 2172 occasum
788 2113 864 2172 solis
886 2111 982 2172 misso
1002 2111 1045 2170 ad
1061 2126 1171 2170 eonsu-

188 2196 257 2268 lem,
279 2196 331 2270 qui
347 2195 480 2256 indutias
497 2195 536 2254 ad
552 2193 748 2270 sepeliendos
764 2195 884 2270 equites
900 2199 1026 2270 peteret,
1046 2196 1173 2254 trustra·

188 2283 238 2336 tus
253 2277 373 2340 hostem
389 2279 527 2339 secunda
540 2278 652 2354 vigilia,
668 2281 770 2338 multis
785 2280 906 2354 ignibus
922 2293 979 2354 per
993 2283 1057 2339 tota
1072 2284 1174 2338 eastra

188 2361 311 2438 relictis,
328 2363 428 2424 silenti
444 2363 565 2438 agmine
580 2363 651 2422 abit.
684 2361 815 2422 XXXIX.
843 2378 957 2438 corpus
972 2362 1033 2422 iam
1047 2363 1175 2423 amabat

190 2449 308 2521 consul,
317 2463 387 2507 cum
397 2447 525 2507 venisse
533 2447 767 2507 caduceatorem
778 2453 809 2506 et
820 2448 894 2522 quid
906 2445 1043 2507 venisset
1053 2447 1173 2506 nuntia·

188 2536 251 2590 tum
271 2537 327 2591 est.
361 2546 515 2606 responso
539 2536 655 2591 tantum
680 2531 752 2590 dato
776 2547 866 2590 mane
886 2537 1012 2606 postero
1035 2531 1087 2590 die
1108 2531 1175 2592 fore

189 2615 309 2688 copiam
325 2615 538 2689 conveniendi,
554 2615 586 2674 id
601 2613 686 2690 quod
700 2614 872 2688 quaesitum
884 2623 956 2684 erat
974 2629 1037 2675 nox
1049 2613 1174 2688 dieique

188 2697 378 2772 insequentis
394 2715 467 2772 pars
483 2699 524 2756 ad
539 2697 788 2772 praecipiendum
805 2699 861 2758 iter
871 2697 1012 2774 Philippo
1029 2697 1101 2756 data
1117 2705 1173 2758 est.

188 2789 317 2855 montes
334 2798 425 2856 quam
439 2782 520 2840 viam
535 2797 596 2840 non
610 2779 819 2854 ingressurum
832 2781 918 2856 gravi
929 2781 1051 2856 agmine
1060 2782 1175 2842 Roma·

187 2877 259 2920 num
280 2865 410 2936 sciebat,
431 2864 515 2938 petit.
546 2867 655 2924 consul
669 2865 768 2938 prima
781 2866 850 2925 luce
867 2866 1072 2926 caduceatore
1088 2866 1171 2924 datis

188 2945 313 3006 indutiis
331 2948 475 3020 dimisso,
495 2945 577 3008 haud
599 2948 639 3007 ita
653 2950 747 3009 multo
764 2956 836 3024 post
849 2949 953 3010 abisse
967 2949 1089 3010 hostem
1105 2964 1176 3008 cum

188 3030 349 3104 sensisset,
364 3031 490 3105 ignarus
506 3049 567 3106 qua
581 3039 771 3108 sequeretur,
790 3033 888 3093 isdem
904 3033 1022 3094 stativis
1039 3034 1174 3092 trumen-

187 3113 280 3174 tando
303 3115 369 3175 dies
392 3115 508 3191 aliquot
529 3114 728 3191 consumpsit.
766 3115 943 3177 Stuberram
958 3116 1070 3178 deiude
1087 3117 1176 3191 petit,

186 3205 279 3273 atque
300 3215 338 3257 ex
359 3199 524 3275 Pelagonia
544 3201 726 3260 trumentum
748 3201 832 3274 quod
854 3201 883 3260 in
906 3200 989 3276 agris
1011 3207 1078 3260 erat
1100 3216 1175 3261 con-

187 3282 278 3342 vexit.
312 3284 383 3343 inde
407 3285 446 3343 ad
466 3283 625 3344 Pluinnam
649 3291 698 3344 est
722 3300 907 3359 progressus
929 3284 1066 3346 nondum
1089 3299 1175 3344 com·

186 3374 289 3441 parto,
317 3385 407 3442 quam
428 3368 583 3442 regionem
604 3369 710 3429 hostes
732 3369 890 3443 petissent.
919 3368 1079 3444 Philippus
1103 3383 1177 3427 cum

185 3449 283 3524 primo
296 3451 335 3510 ad
343 3451 509 3530 Bryanium
522 3453 633 3512 stati-'a
642 3451 808 3526 habuisset,
817 3455 974 3528 proiectus
985 3452 1057 3512 iude
1068 3458 1173 3512 trans-
