2482 3900
186 154 228 256 1o
331 189 565 252 nunaxxxr.
588 189 671 250 cnr.
687 197 729 250 ιι.
746 197 788 250 12.
812 195 848 263 p.
864 195 899 246 n.
916 211 940 246 ο.
956 195 1018 260 aa]

179 344 326 424 quinique
341 344 463 416 debere,
477 350 512 404 ut
526 341 585 402 sihi
597 357 638 402 ex
653 341 779 402 loedere
793 338 999 402 restituantur.
1035 339 1113 417 haec
1126 342 1166 400 ad

181 427 450 506 Carthaginienses
463 427 613 486 mandata.
635 423 820 485 Masinissae
831 422 975 500 gratulari
986 422 1073 496 iussi,
1083 425 1167 499 quod

183 531 243 576 non
261 511 391 588 patrium
405 511 498 571 modo
511 515 729 584 recuperasset
739 522 876 583 regnum,
887 509 946 568 sad
956 515 1043 583 parte
1054 505 1167 570 doren-

182 595 302 660 tlssima
316 592 470 673 Syphacis
485 591 592 654 finium
606 591 727 654 adiecta
741 591 831 652 eham
845 593 993 652 auxisset.
1026 591 1170 654 nuntiare

184 687 344 757 praeterea
368 677 446 739 iussi
470 677 585 738 bellum
611 691 680 737 eum
707 687 781 750 rege
806 674 948 752 Philippo
978 683 1167 752 susceptum,

184 763 269 841 quod
284 759 549 836 Carthaginienses
570 759 692 820 auxiliis
713 757 857 831 iuvisset,
880 758 1071 835 iniuriasque
1092 759 1168 821 inl-

183 847 280 908 rendo
297 844 392 907 sociis
407 845 514 921 populi
528 842 660 906 Romani
674 842 823 918 llagrtmte
837 843 918 904 bello
940 843 1026 903 ltalia
1047 843 1168 918 coegis-

184 939 233 992 set
247 932 366 990 classes
381 928 598 1004 exercitusque
612 927 643 988 in
658 926 818 987 Graeciam
831 925 923 999 mitti,
943 936 975 988 et
993 925 1169 989 distinendo

183 1013 293 1089 copias
309 1027 404 1074 causa
418 1012 448 1073 in
464 1011 571 1088 primis
587 1011 697 1072 luisset
711 1009 811 1070 sarius
827 1009 857 1070 in
872 1009 1007 1070 Africam
1026 1010 1168 1073 traicien-

184 1098 232 1160 oi:
259 1104 462 1173 peterentque
477 1105 510 1158 ut
524 1097 564 1156 ad
579 1095 611 1156 id
625 1095 739 1155 bellum
752 1093 884 1155 mitteret
898 1093 1013 1154 auxilia
1025 1095 1170 1156 Numida-

185 1197 252 1243 rum
266 1179 413 1256 equitum.
447 1181 532 1240 dona
544 1181 647 1254 ampla
662 1179 747 1252 data,
770 1194 850 1254 quae
864 1181 979 1238 tament
991 1179 1070 1254 regi,
1093 1195 1171 1240 vasa

138 1311 141 1324 .
184 1281 280 1327 aurea
294 1274 512 1341 argenteaque,
535 1271 606 1339 toga
620 1277 777 1339 purpurea
792 1271 822 1322 et
835 1263 968 1336 palmata
982 1261 1084 1322 tunica
1098 1279 1171 1323 curn

184 1351 322 1411 eburneo
338 1348 487 1424 scipione,
504 1353 535 1408 et
547 1356 620 1422 toga
634 1354 793 1422 praetexta
804 1363 874 1405 cum
886 1344 983 1406 curuli
998 1347 1087 1417 sella;
1102 1346 1171 1407 ius-

183 1433 276 1509 sique
298 1431 452 1508 polliceri,
481 1430 508 1490 si
530 1429 606 1506 quid
624 1429 655 1490 ci
676 1429 716 1490 ad
736 1429 917 1490 firmandum
932 1430 1170 1505 augendumque

185 1533 314 1592 regnum
331 1531 411 1590 opus
426 1529 498 1576 osse
516 1513 699 1588 indicasset,
725 1512 816 1574 enixe
837 1513 868 1572 id
890 1515 1037 1588 populum
1056 1514 1169 1574 Rorna-

185 1615 257 1661 num
270 1597 380 1658 merito
397 1597 463 1658 eius
479 1601 714 1672 praestaturum.

263 1679 430 1743 Verminae
445 1694 572 1757 quoque
587 1679 741 1758 Syphacis
762 1680 816 1740 lilii
836 1680 927 1756 legati
948 1697 1003 1756 par
1023 1697 1080 1742 eos
1101 1681 1171 1742 dies

183 1773 326 1826 senatum
340 1763 480 1826 adierunt
495 1772 681 1826 excusantes
700 1779 834 1825 errorem
855 1765 1172 1840 adolescentiamque,

187 1858 216 1910 et
231 1851 353 1924 culpam
368 1857 489 1910 omnem
509 1847 694 1909 intrandam
714 1848 1008 1924 carthaginiensium
1029 1857 1172 1910 averten-

186 1943 248 1994 tes:
274 1941 311 1994 et
328 1931 526 1994 Masinissam
550 1931 698 1994 Romanis
723 1947 763 1992 ex
783 1931 873 1994 hoste
891 1933 1024 1993 amicum
1039 1935 1171 2004 faetum;

188 2016 361 2078 Verminam
376 2032 503 2093 quoque
517 2007 704 2087 adnisurum,
721 2031 760 2076 na
777 2016 887 2076 atheiis
903 2017 933 2076 in
948 2017 1097 2092 populum
1109 2019 1172 2077 Ro-

184 2117 307 2162 manum
322 2107 374 2162 aut
388 2118 406 2160 a
426 2098 593 2160 Masinissa
607 2108 660 2160 aut
673 2100 712 2160 ab
727 2101 790 2160 ullo
804 2099 864 2160 alio
878 2099 1027 2161 vincatur.
1062 2109 1173 2176 petere

111 2223 118 2236 ·
185 2194 218 2247 ut
238 2201 293 2244 rex
315 2183 484 2259 sociusque
504 2191 535 2245 et
553 2182 670 2244 amicus
691 2185 730 2244 ah
752 2193 861 2244 senatu
873 2186 1089 2260 appellaretur.
1124 2200 1173 2245 re-

185 2282 337 2345 sponsum
351 2267 461 2343 legatis
476 2275 525 2329 est
539 2273 569 2328 et
583 2275 700 2344 patrem
717 2267 784 2328 eius
800 2267 976 2346 Syphacem
991 2267 1059 2329 sine
1074 2285 1173 2328 causa

184 2369 225 2414 ex
242 2351 329 2413 socio
344 2359 375 2412 et
389 2350 487 2412 amico
502 2351 622 2414 hostem
636 2360 763 2428 repente
777 2352 885 2427 populi
901 2351 1032 2414 Romani
1047 2353 1172 2425 lactum,

185 2443 216 2497 et
231 2441 300 2496 eum
315 2433 418 2512 ipsum
437 2435 641 2498 rudimentum
662 2436 891 2500 adolescentiae
910 2437 992 2496 bello
1014 2437 1173 2498 loressan-1

184 2529 246 2582 tem
261 2520 419 2582 Romanos
441 2521 597 2596 posuisse.
639 2519 743 2596 itaque
764 2536 872 2595 pacem
891 2517 934 2579 illi
955 2519 1042 2595 prius
1065 2528 1173 2594 peten-

184 2601 255 2666 dam
271 2605 309 2666 ab
325 2605 441 2682 populo
456 2606 595 2666 Romano
611 2620 698 2678 esse,
720 2621 812 2679 quam
834 2613 867 2665 ut
885 2619 942 2664 rex
956 2603 1126 2678 sociusque
1142 2611 1174 2663 et

184 2688 303 2750 amicus
329 2691 511 2764 appelletur.
557 2687 689 2750 nominis
714 2687 782 2748 eius
803 2689 952 2749 honorem
972 2693 1028 2764 pro
1051 2687 1173 2763 magnis

186 2787 260 2846 erga
271 2789 306 2832 se
315 2788 423 2848 regum
434 2773 549 2832 meritis
562 2774 636 2832 dare
650 2774 798 2846 populum
808 2768 978 2834 Romanum
987 2786 1174 2833 consuesse.

185 2856 304 2930 legatos
317 2855 475 2916 Romanos
490 2854 525 2913 in
535 2854 641 2914 Africa
656 2856 736 2929 iore,
761 2855 874 2932 quibus
894 2857 1106 2917 mandaturum
1122 2873 1161 2916 se

186 2945 305 3009 natum,
325 2945 359 2997 ut
372 2937 537 2998 Verminae
558 2937 646 3014 pacis
661 2939 735 3000 dant
748 2941 849 3016 legas,
870 2939 998 3002 liberum
1014 2939 1174 3000 arbitrium

186 3021 252 3082 eius
274 3022 392 3096 populo
414 3022 553 3083 Romano
575 3021 770 3097 permittanti.
807 3023 834 3084 si
862 3023 936 3100 quid
958 3024 998 3084 ad
1022 3040 1076 3084 eas
1098 3021 1175 3084 addi

184 3103 267 3165 demi
287 3103 437 3165 mutarive
459 3107 566 3180 vellet,
581 3123 689 3167 rursus
710 3109 749 3167 ab
772 3116 880 3168 senatu
899 3108 930 3168 ei
953 3107 1173 3182 postulandum

186 3189 263 3249 lore.
299 3187 394 3264 legati
407 3205 474 3249 cum
489 3188 527 3250 iis
543 3190 694 3250 mandatis
709 3189 739 3250 in
760 3190 894 3250 Africam
909 3189 997 3252 missi
1012 3190 1043 3250 C.
1059 3191 1173 3250 Teren·

184 3271 246 3333 tius
257 3271 356 3332 Varro
369 3271 422 3348 Sp.
434 3273 594 3334 Lucretius
606 3270 661 3334 Gn.
675 3272 830 3335 Octavius.
857 3274 1096 3350 quinqueremes
1110 3273 1173 3334 sin-

184 3355 265 3428 gulis
281 3356 381 3416 datae.

265 3437 329 3498 ΧΠ.
352 3439 483 3501 Litterae
499 3440 610 3501 deinde
625 3439 656 3501 in
678 3449 787 3502 senatu
802 3441 946 3502 recitatae
968 3449 1039 3502 sunt
1059 3441 1095 3515 Q.
1115 3439 1172 3501 hfi-
