2480 3904
181 207 243 273 alt
306 209 420 269 LIBER
433 207 580 268 xxxvii.
604 208 686 268 CAP.
703 217 745 268 ra.
761 216 803 270 ra.
826 207 863 283 [ι.
878 211 914 264 υ.
929 229 953 264 e.
968 208 1032 282 aaa]

183 379 235 424 sas
260 362 357 422 moles
382 360 456 432 sint,
484 367 514 418 et
533 358 650 419 minore
675 359 848 420 molimento
874 358 1011 434 aperturi
1036 363 1157 432 portum

183 461 272 522 quam
295 444 489 505 obstruaturt
515 441 562 501 sin
581 448 682 502 autem
696 443 881 503 manendum
894 443 937 502 ibi
951 441 1047 500 nihilo
1058 441 1158 502 miuus

183 531 236 602 sit,
258 525 332 602 quid
352 527 478 586 attinere
498 525 598 585 claudi
615 531 759 600 portumt
780 528 853 602 quin
868 531 974 587 contm
987 525 1059 584 illos
1074 523 1158 584 tutis-

183 615 260 673 simo
276 617 374 686 portu,
390 607 707 683 opulentissimambe
718 609 855 683 fruentis,
871 608 1061 670 omniaAsia
1072 621 1157 682 prae·

182 698 288 766 beate,
309 694 410 769 quieta
429 691 546 751 aestiva
566 698 703 753 acturos=
732 693 889 754 Romanos
910 698 1018 766 aperto
1039 690 1072 750 in
1086 689 1158 750 mari

183 778 325 840 fluctibns
346 775 639 850 tempestatibusque
660 775 813 850 obiectos,
835 775 970 837 omnium
983 773 1112 848 inopes,
1131 774 1158 832 in

182 861 312 921 adsidua
326 860 456 919 statione
469 859 598 932 laturos,
613 859 700 934 ipsos
711 859 971 934 mapisadttgatos
981 855 1159 932 impeditos-

184 959 252 1020 que,
268 958 307 1002 ne
322 943 396 1018 quid
407 958 514 1003 eornm
526 959 605 1018 quae
615 941 736 1018 agenda
747 943 808 1003 sint
819 941 938 1018 possint
948 955 1052 1014 agere,
1071 954 1159 1014 quarn

182 1035 215 1088 ut
228 1026 327 1086 hostis
348 1028 471 1086 clausos
484 1024 625 1086 habeant.
660 1025 817 1088 Eudamus
832 1026 1005 1100 praefectus
1020 1023 1161 1083 Rhodiae

184 1110 294 1171 classis
322 1109 420 1184 magis
447 1124 514 1170 eam
538 1109 597 1168 sibi
621 1107 786 1184 displicere
810 1109 989 1170 senteutiam
1017 1105 1161 1179 ostendit,

185 1210 274 1270 quam
289 1193 358 1268 ipse
372 1193 446 1268 quid
461 1199 601 1252 censeret
615 1192 787 1252 iaciendum
800 1191 885 1252 dixit.
905 1191 1068 1265 Epicrates
1078 1189 1161 1250 Rho-

122 1333 126 1344 ,
184 1278 253 1337 dius
268 1277 383 1336 omissa
396 1277 427 1335 in
442 1276 616 1350 praesentia
624 1274 748 1350 Epheso
764 1274 938 1334 mittendam
952 1274 1079 1334 navium
1092 1287 1160 1348 par·

184 1369 245 1420 tem
259 1359 288 1418 in
302 1358 428 1436 Lyciam
442 1358 575 1434 censuit,
596 1364 627 1418 et
639 1357 761 1431 Patara,
777 1363 870 1432 caput
882 1357 997 1431 gentis,
1013 1357 1046 1415 in
1061 1353 1160 1417 socie

184 1451 276 1504 tatem
296 1441 499 1516 adiungenda.
534 1441 565 1499 iu
581 1442 658 1502 duas
679 1456 806 1515 magnas
827 1456 879 1500 res
898 1441 931 1500 id
943 1440 1016 1500 usui
1032 1440 1114 1500 lore=
1134 1445 1162 1498 et

184 1526 331 1597 Rhodios,
347 1525 463 1599 pacatis
478 1529 585 1584 contra
598 1524 727 1584 insulam
743 1540 830 1585 suam
843 1524 941 1596 terris,
956 1522 1030 1583 totis
1045 1521 1161 1582 viribus

185 1607 359 1667 incumbere
379 1609 409 1666 in
429 1607 520 1667 unius
540 1607 627 1681 belli,
650 1608 734 1683 quod
749 1608 901 1668 adversus
914 1606 1102 1668 Antiochum
1117 1605 1162 1679 sit

186 1707 289 1750 curam
304 1705 414 1764 posse,
429 1696 460 1750 et
473 1707 542 1752 eam
556 1691 702 1764 classem,
718 1707 798 1766 quae
812 1691 843 1750 in
857 1691 952 1769 Lycia
967 1703 1162 1764 comparare·

185 1782 242 1846 tur,
257 1773 425 1847 intercludi,
440 1791 479 1833 ne
489 1774 699 1853 Polyxenidae
710 1775 920 1850 coniungatur.
943 1774 1021 1832 haec
1032 1771 1163 1832 maxime

185 1857 281 1918 movit
294 1858 451 1917 sententia.
475 1859 589 1933 placuit
602 1863 702 1919 tamen
716 1856 875 1933 Regillum¹
884 1857 985 1918 classe
999 1863 1064 1916 tota
1075 1852 1162 1915 event

187 1941 226 2000 ad
254 1947 374 2016 portum
400 1939 516 2016 Ephesi
544 1941 584 2002 ad
611 1941 802 2002 inserendum
834 1940 975 2002 hostibus
1005 1945 1163 2000 terrorem.

185 2024 264 2084 XVI.
294 2023 325 2084 0.
339 2023 443 2084 Livius
465 2040 534 2084 oum
548 2025 667 2084 duabus
685 2025 956 2100 quinqueremibus
970 2021 1121 2084 Romanis
1136 2027 1164 2080 et

189 2114 330 2181 quattuor
347 2106 589 2181 quadriremibus
603 2107 732 2168 Rhodiis
747 2116 778 2168 et
791 2108 911 2168 duabus
926 2107 1041 2182 apertis
1058 2105 1164 2182 Smyr-

186 2189 272 2248 naeis
286 2189 316 2246 in
327 2188 453 2266 Lyciam
467 2195 515 2248 est
528 2189 651 2261 missus,
665 2189 807 2251 Rhodum
819 2191 905 2266 prius
916 2191 1021 2251 iussus
1034 2189 1127 2256 adire„
1137 2195 1166 2247 et

188 2269 288 2330 omnia
302 2285 370 2329 cum
385 2272 421 2330 iis
437 2271 660 2332 communicare
675 2274 812 2334 consilia.
833 2274 971 2334 civitates
984 2288 1064 2347 quas
1076 2286 1166 2347 prae-

186 2360 339 2414 tervectus
362 2361 424 2427 est,
446 2353 566 2416 Miletus
586 2355 721 2432 Myndus
741 2357 976 2426 Halicarnassus
998 2355 1082 2416 Cous
1099 2355 1167 2415 Cni-

188 2435 255 2510 dus,
272 2437 418 2513 imperata
431 2439 521 2498 enixe
536 2441 681 2499 iecerunt.
708 2440 852 2500 Rhodum
865 2447 899 2501 ut
912 2445 1037 2500 ventum
1051 2441 1110 2509 est
1126 2438 1167 2497 si-

188 2523 248 2581 mul
264 2528 293 2582 et
307 2521 347 2581 ad
362 2537 453 2597 quam
466 2537 532 2582 rem
545 2522 659 2582 missus
675 2530 760 2584 esset
773 2523 811 2584 iis
827 2519 984 2598 exposuit,
1007 2529 1038 2582 et
1053 2537 1167 2582 consu-

188 2603 241 2664 luit
255 2619 320 2665 ens.
344 2605 584 2680 approbantibus
600 2606 726 2678 cunetis,
742 2612 772 2666 et
785 2606 825 2666 ad
837 2621 913 2680 eam,
929 2619 1022 2680 quam
1032 2603 1169 2664 habebat

188 2687 334 2761 classem,
355 2689 525 2763 adsumptis
539 2687 636 2750 tribus
653 2689 896 2764 quadriremibus
910 2687 1035 2762 navigat
1047 2687 1167 2748 Patare.

188 2770 285 2841 primo
302 2771 458 2830 secundus
472 2777 581 2830 ventus
596 2771 636 2830 ad
647 2773 745 2846 ipsam
757 2771 864 2832 urbem
875 2771 993 2832 ferebat
1004 2786 1079 2840 eos3
1096 2786 1168 2846 spe·

187 2851 357 2926 rabantque
372 2852 472 2912 subito
486 2861 603 2914 terrore
618 2855 733 2930 aliquid
746 2862 894 2916 moturos.
924 2860 1095 2930 postquam
1110 2855 1167 2914 cir·

189 2941 366 3010 eumagente
386 2950 421 2994 sa
440 2943 532 2998 vento
558 2935 701 2999 flucdbus
727 2938 828 3000 dubiis
849 2939 932 2998 volvi
953 2945 1098 3013 coeptum
1122 2945 1169 2997 est

188 3033 280 3093 mare,
296 3017 489 3094 pervicerunt
503 3019 624 3096 quidem
639 3022 746 3094 remis,
762 3028 795 3082 ut
808 3027 947 3082 tenerent
957 3027 1088 3082 terram:
1112 3021 1169 3080 sed

188 3117 289 3178 neque
310 3102 391 3163 circa
405 3103 512 3174 urbem
526 3110 589 3164 tute
603 3105 692 3166 statio
707 3113 786 3179 erat,
808 3121 866 3166 nec
881 3111 951 3165 ante
966 3105 1081 3165 ostium
1097 3119 1167 3180 por·

188 3192 238 3247 tus
253 3188 283 3248 in
299 3187 365 3248 salo
381 3193 463 3248 stare
476 3195 618 3263 poterant
631 3204 743 3265 aspero
753 3190 828 3250 mari
840 3195 871 3249 et
881 3195 971 3248 uncte
980 3189 1167 3248 imminente.

189 3271 388 3343 praetervecti
415 3271 536 3332 moenia
558 3278 680 3346 portum
700 3270 924 3344 Phoenicunta,
948 3272 1051 3332 minus
1074 3271 1168 3332 duum

188 3354 302 3414 milium
316 3355 416 3430 spatio
431 3354 503 3414 inde
518 3355 687 3430 distantem,
703 3355 828 3432 petiere,
845 3354 976 3416 navibus
987 3371 1007 3416 a
1018 3354 1168 3416 maritima

187 3433 218 3490 vi
233 3444 342 3496 tutum:
365 3437 420 3496 sed
436 3439 513 3497 altae
527 3437 653 3513 insuper
667 3439 862 3500 imminebant
875 3453 979 3515 rupes,
996 3454 1076 3515 quas
1088 3437 1167 3498 cele·
