2480 3904
252 238 368 300 LIBER
382 235 501 300 XXXV.
525 238 607 300 CAP
622 245 667 300 ³3
678 245 904 313 eo.[e.c.1tal
1007 241 1067 304 205

81 395 235 492 populum
250 395 420 456 Ronlanum
441 408 510 454 cum
527 393 694 468 Antiocho,
717 393 834 455 lanistis
849 394 983 466 Aetolis,
1006 413 1067 457 non

82 481 153 540 sine
173 494 285 553 magno
305 485 390 538 motu
410 476 531 554 generis
560 477 683 537 humani
707 485 738 537 et
764 477 898 553 pernicie
921 467 1067 540 Graeciae

83 565 252 623 dimicaret
285 577 342 622 nec
366 563 446 622 ullos
472 561 557 636 prius
585 560 703 621 cladem
728 561 795 622 eius
820 561 891 622 belli
918 577 1066 626 sensuros

82 663 178 722 quam
201 647 253 720 qui
273 646 451 706 movissent.
485 645 561 704 haec
582 645 769 720 nequiquam
788 645 871 706 velut
884 645 1066 708 vaticinatus

83 733 252 792 Romanus.
274 730 376 790 Thoas
391 728 503 790 deinde
518 729 672 804 ceterique
687 728 827 790 factionis
843 729 982 790 eiusdem
997 745 1066 791 cum

82 815 223 875 adsensu
238 813 372 874 omnium
387 813 481 874 auditi
495 811 704 888 pervicerunt,
727 821 759 874 ut
779 827 818 873 ne
833 813 926 874 dilato
943 815 1066 890 quidem

82 899 217 972 concilio
231 906 261 958 et
272 897 451 958 absentibus
459 895 604 957 Romanis
616 895 772 958 decretum
784 897 879 970 fleret,
889 915 950 973 quo
964 913 1065 960 arces-

82 991 205 1043 seretur
215 981 386 1042 Antiochus
399 981 439 1042 ad
449 979 636 1040 liberandam
649 979 806 1040 Graeciam
818 980 1065 1057 disceptandum-

82 1083 146 1141 que
162 1067 239 1126 inter·
250 1066 378 1127 Aetolos
393 1071 423 1124 et
436 1065 603 1125 Romanos.
626 1061 696 1122 huic
714 1069 774 1124 tam
789 1065 924 1139 superbo
940 1065 1065 1128 decreto

82 1150 203 1210 addidit
215 1147 594 1226 propriamcontumeliam
605 1146 798 1208 Damocritus
814 1155 938 1222 praetor
949 1163 1065 1210 aarum.

81 1251 157 1294 nam
171 1249 240 1294 cum
252 1234 283 1293 id
295 1233 396 1308 ipsum
409 1232 564 1292 decretum
577 1235 722 1306 posceret
733 1245 803 1292 eum
815 1229 987 1306 Quinctius,
1003 1249 1065 1292 non

80 1317 199 1378 veritus
214 1317 403 1378 maiestatem
417 1315 474 1375 viri
495 1315 577 1374 aliud
598 1314 628 1374 in
649 1316 839 1389 praesentia,
862 1315 947 1389 quod
967 1315 1065 1391 magis

81 1401 219 1473 instaret
233 1400 489 1476 praevertendum
501 1396 560 1460 sibi
576 1413 648 1458 esse
660 1397 751 1459 dixit=
768 1399 924 1460 decretum
935 1413 1066 1475 respon·

81 1501 217 1560 sumque
232 1486 261 1543 in
277 1484 361 1544 ltalia
374 1483 460 1543 brevi
476 1481 584 1542 castris
600 1497 696 1558 super
710 1482 808 1560 ripam
822 1482 940 1544 Tiberis
956 1483 1066 1560 positis

81 1570 236 1630 daturum.
265 1574 369 1628 tantus
391 1568 475 1628 luror
496 1565 546 1628 illo
571 1572 710 1642 tempore
734 1575 855 1642 gentem
874 1567 1064 1641 Aetolorum,

81 1658 250 1728 tantusque
264 1650 457 1726 magistratus
476 1665 583 1712 eorum
597 1651 686 1725 cepit

168 1735 302 1796 XXXIV
336 1733 493 1808 Quinctius
519 1733 672 1809 legatique
698 1715 872 1796 Corinthum
898 1735 1063 1796 redierunt.

81 1821 171 1892 inde,
188 1827 221 1880 ut
236 1819 268 1858 *⁴¹
285 1834 427 1895 quaeque
442 1818 481 1878 de
496 1817 663 1890 Antiocho,
686 1818 759 1876 nihil
780 1833 835 1894 per
857 1835 892 1878 se
907 1819 966 1894 ipsi
981 1820 1063 1893 moti,

82 1913 113 1965 et
128 1905 274 1964 sedentes
296 1909 479 1979 exspectare
500 1902 663 1962 adventurn
680 1901 856 1962 viderentur
871 1902 969 1977 regis,
992 1919 1065 1965 con·

82 1989 185 2050 cilium
208 1987 333 2063 quidem
353 1987 516 2046 universae
536 1985 635 2060 gentis
657 1993 728 2060 post
748 1983 893 2046 dimissos
909 1987 1065 2047 Romanos

83 2089 145 2134 non
167 2071 351 2144 habuerunt,
375 2086 430 2147 per
450 2071 608 2146 apocletos
628 2075 729 2130 autem
743 2101 786 2112 ·-
801 2067 842 2130 ita
861 2076 976 2130 vocant
995 2085 1065 2131 san-

83 2157 163 2218 ctius
180 2154 359 2217 consilinm=
382 2170 421 2215 ex
436 2153 563 2214 delectis
579 2160 699 2214 constat
714 2152 843 2215 viris-
855 2151 888 2214 id
903 2152 1065 2230 agitabant,

83 2256 221 2316 quonam
241 2239 333 2300 modo
361 2237 392 2298 in
415 2238 543 2298 Graecia
566 2253 617 2298 res
642 2244 837 2300 novercatur.
871 2237 1067 2299 interamnis

80 2323 247 2386 constabat
267 2323 297 2382 in
318 2321 489 2384 civitatibus
511 2320 667 2397 principes
693 2329 723 2383 et
744 2321 890 2396 optimum
913 2337 1068 2398 quemque

80 2411 242 2469 Romanae
257 2407 412 2468 societatis
428 2421 500 2466 esse
514 2413 545 2466 et
560 2405 713 2481 praesenti
727 2411 808 2464 statu
822 2405 971 2479 gaudere,
992 2406 1088 2465 mul·‘

81 2492 245 2552 titudinem
258 2499 289 2552 et
301 2505 432 2566 quorum
446 2505 498 2549 res
513 2504 575 2548 non
590 2503 630 2548 ex
644 2488 794 2548 sententia
808 2489 949 2562 ipsorum
964 2495 1070 2548 essent

80 2576 188 2638 omnia
200 2590 316 2636 novare
328 2575 415 2634 velle.
438 2573 538 2633 Aetoli
552 2571 712 2632 consilium
723 2585 786 2631 nnc
799 2569 849 2630 die
860 2571 928 2646 spei
942 2585 1068 2646 quoque

82 2677 145 2722 non
164 2659 292 2720 audacis
306 2658 399 2719 modo
412 2657 469 2718 sed
481 2657 571 2716 etlam
582 2651 767 2729 impudentis
781 2659 943 2734 ceperunt,
960 2654 1066 2714 Deme-

80 2744 215 2804 triadem
231 2741 406 2803 Ghalcidem
419 2740 684 2802 Lacedaemonem
699 2737 881 2814 occupandi.
910 2737 1023 2814 singuli
1039 2737 1069 2798 in

80 2829 222 2902 singulas
238 2826 392 2902 principes
413 2825 500 2885 missi
521 2831 606 2898 sunt,
627 2822 728 2883 Thoas
744 2821 933 2896 Chalcidem,
956 2823 1069 2884 Alexa·

81 2927 192 2972 merrus
204 2910 483 2982 Lacedaemonem,
495 2906 619 2969 Diocles
628 2906 862 2968 Demetriadem.
885 2905 967 2968 hunc
980 2909 1071 2970 exsul

80 2995 297 3072 Eurylochus,
319 2993 359 3053 de
380 2993 468 3055 cuius
480 2994 562 3067 ‚tuga
583 3005 742 3067 causaque
763 2993 855 3067 lagae
870 2999 940 3053 ante
955 2991 1071 3054 dictum

81 3087 146 3156 est,
169 3077 242 3155 quia
256 3077 372 3138 reditus
388 3077 418 3136 in
435 3076 562 3152 patriam
579 3076 662 3136 nulla
676 3077 736 3136 alia
750 3083 816 3137 erat
830 3092 921 3153 spes,
945 3075 1070 3138 adiuvit.

83 3164 192 3224 litteris
217 3161 386 3240 Eurylochi
412 3160 558 3222 admoniti
591 3159 758 3236 propinqui
783 3159 936 3236 amicique
962 3167 991 3219 et
1018 3159 1070 3236 qui

83 3247 223 3308 eiusdem
246 3245 387 3308 lectionis
409 3251 510 3316 erant,
540 3244 655 3304 liberos
681 3250 711 3305 et
731 3244 893 3319 coniugem
912 3244 978 3303 eins
1001 3259 1070 3304 cum

83 3331 212 3392 sordida
227 3336 315 3391 veste
330 3329 372 3403 **,
388 3335 527 3390 tenentes
542 3328 714 3389 velamenta
728 3326 930 3404 supplicium,
953 3327 1070 3388 contio-

85 3431 155 3475 nem
181 3417 373 3490 irequentem
399 3413 537 3474 adierunt
566 3411 706 3488 singulos
732 3409 958 3488 universosque
984 3411 1069 3471 obte-

85 3505 219 3570 stantes,
237 3513 275 3558 ne
291 3498 442 3558 insontem
457 3495 663 3557 indemnatum
676 3509 901 3558 consenescere
912 3494 944 3554 in
956 3491 1066 3555 exsilio
