2482 3902
259 197 548 286 ‚tlssbssltxxlt
572 198 655 260 cnr.
669 207 714 262 st.
736 205 891 273 [ecum]
1014 198 1074 266 151

29 372 35 405 ι
91 357 254 429 temperet
274 365 326 412 res
346 350 419 410 mihi
441 350 594 426 duplicem
615 351 826 413 defensionem
840 351 983 428 praebet:
1004 369 1074 413 nam

91 445 124 498 et
137 436 217 512 ipsis
231 434 414 496 vocantibus
429 449 465 494 ec
479 434 669 496 tradentibus
683 435 791 496 urbem
803 449 870 496 eam
881 435 997 513 accepi,
1012 453 1075 502 non

90 519 264 596 occupem
298 523 327 578 et
347 519 455 594 accepi
474 518 582 578 urbem
603 534 672 580 eum
691 517 822 596 Philippi
840 520 986 596 partium,
1012 535 1076 584 non

90 605 123 666 in
142 610 249 664 vestra
269 601 418 664 societate
438 609 531 664 esset.
566 611 688 678 tempus
708 610 810 664 autem
830 618 868 664 eo
888 619 937 664 me
957 603 1073 680 liberat,

19 735 21 758 ,
92 687 181 764 quod
202 701 271 747 eum
291 688 351 746 ianr
364 688 466 762 Argos
486 685 646 761 haberem,
668 686 802 748 societas
820 687 893 748 mihi
914 688 1074 752 vobiscum

92 771 254 842 convenia
280 778 312 832 et
324 775 358 831 ut
369 770 458 834 vobis
473 771 622 832 mitterem
636 771 676 832 ad
690 769 803 832 bellurn
818 772 946 848 auxilia,
966 788 1028 834 non
1044 781 1076 836 ut

90 855 187 932 Argis
201 855 391 932 praesidium
406 855 590 916 deducerem
604 855 777 931 pepigistis.
809 863 841 918 at
852 856 977 918 hercule
991 857 1022 918 in
1037 873 1075 920 ea
1102 875 1111 901 ·

92 939 306 1002 controversia
321 954 401 1015 quae
415 939 454 1000 de
465 940 558 1014 Argis
572 946 628 1012 est,
644 939 786 1015 superior
799 955 868 1002 sum
881 947 912 1002 et
922 943 1075 1017 aequitate

92 1027 146 1096 rei,
165 1023 250 1102 quod
263 1040 326 1086 nnn
340 1029 474 1084 vestram
487 1022 608 1098 urbem,
629 1023 687 1084 sed
700 1024 847 1099 hostiurn,
870 1025 954 1101 quod
969 1027 1074 1087 volen-

95 1116 169 1182 tem,
185 1123 249 1169 non
262 1107 295 1168 vi
309 1114 446 1169 coactam
460 1108 582 1182 accepi,
598 1114 628 1166 et
640 1114 745 1170 vestra
760 1109 972 1185 confessione,
990 1111 1075 1187 quod

91 1193 123 1254 in
146 1191 380 1253 condicionibus
395 1192 557 1261 ,societatis
576 1193 681 1267 Argos
702 1190 775 1252 mihi
794 1192 971 1270 reliquistis.
994 1201 1074 1256 cete·

90 1293 160 1338 rum
174 1289 287 1338 nomen
301 1277 424 1355 tyranni
438 1284 468 1336 et
482 1277 562 1337 laeta
575 1291 625 1336 me
639 1282 798 1352 premunt,¹
812 1277 896 1352 quod
910 1291 1019 1339 servos
1034 1277 1076 1340 ed

91 1361 261 1421 libertatem
283 1375 378 1436 voco,
400 1360 483 1436 quod
497 1359 528 1420 in
548 1376 641 1436 agros
663 1361 787 1436 inopem
807 1360 928 1437 plebem
943 1361 1076 1423 deduco.

91 1445 132 1506 de
153 1444 278 1505 nomine
296 1443 358 1505 hoc
378 1445 569 1520 respondere
589 1460 734 1520 possum,
760 1460 825 1520 me,
851 1446 1075 1521 qualiscunque

90 1545 177 1603 sum,
200 1543 270 1589 eum
291 1543 363 1590 esse
382 1529 435 1604 qui
450 1529 507 1603 lui,
529 1544 598 1589 eum
611 1537 644 1590 tu
657 1529 726 1604 ipse
740 1543 874 1603 mecum,
895 1530 928 1590 Τ.
944 1527 1075 1604 Quincti,

91 1613 272 1675 societatem
286 1611 441 1689 pepigisti.
464 1620 528 1673 tum
541 1629 591 1673 me
604 1628 708 1688 regern
718 1612 868 1689 appellari
883 1611 1000 1674 avobis
1012 1629 1075 1674 me·

89 1697 180 1772 mini,
203 1712 284 1760 nune
297 1704 463 1776 tyrannum
477 1696 582 1758 vocari
595 1698 697 1758 uideo.
728 1697 832 1773 itaque
847 1696 874 1758 si
889 1712 947 1773 ego
962 1713 1075 1761 nomen

89 1780 211 1856 imperii
225 1787 402 1856 mutassem,
416 1779 490 1842 mihi
503 1796 590 1842 meae
603 1780 834 1857 inconstantiae,
852 1796 922 1844 cum
936 1797 995 1844 vos
1008 1799 1074 1844 mu-

89 1865 178 1940 tetis,
193 1865 284 1927 vobis
299 1872 422 1927 vestrae
435 1864 595 1926 reddenda
608 1865 686 1926 ratio
701 1871 758 1926 est.
790 1865 874 1941 quod
888 1865 929 1927 ad
943 1867 1073 1930 multitu·

91 1949 196 2010 dinem
225 1950 325 2010 servis
353 1947 519 2010 liberandis
552 1954 670 2010 auemm
697 1956 727 2010 et
754 1948 915 2025 egentibus
943 1950 1074 2012 divisum

91 2049 201 2109 agrum
216 2034 329 2106 attinet,
345 2049 476 2109 possum
491 2032 614 2108 quidem
629 2039 660 2094 et
672 2033 703 2094 in
717 2031 778 2094 hoc
792 2047 841 2096 me
850 2032 917 2094 iure
927 2034 1074 2109 temporis

90 2117 193 2178 tutari.
219 2117 278 2177 iarn
293 2117 426 2178 feceram
439 2116 532 2192 haee,
548 2117 782 2194 qualiacumque
796 2124 876 2192 sunt
892 2133 961 2178 curn
975 2117 1075 2180 socie-

91 2208 185 2263 tatem
206 2217 326 2262 mecum
347 2201 509 2278 pepigistis
524 2207 555 2261 el
569 2202 682 2264 auxilia
695 2203 726 2262 in
743 2202 824 2264 bello
840 2202 991 2263 adversus
1005 2201 1074 2262 Phi-

90 2285 209 2360 lippum
221 2285 394 2360 accepistis.
417 2285 604 2348 scdsinune
616 2287 815 2362 calcassem,
831 2302 893 2358 non
905 2286 984 2360 dico,
1000 2286 1075 2362 quid

90 2368 120 2428 in
136 2383 175 2430 eo
189 2384 249 2429 vos
264 2370 424 2430 laesissem
439 2376 492 2430 aut
501 2376 633 2430 vestram
645 2370 806 2432 amicitiam
815 2371 1004 2432 violassent
1017 2369 1075 2430 sed

90 2453 175 2528 illud,
191 2469 242 2513 me
256 2468 341 2514 more
355 2459 448 2530 atque
461 2453 598 2514 instituto
613 2453 761 2536 maiorum
775 2453 898 2514 iecisse.
926 2454 1021 2514 nolite
1034 2453 1076 2514 ad

90 2545 215 2599 vestras
240 2539 326 2613 leges
347 2544 439 2614 atque
460 2537 596 2598 instituta
617 2537 743 2612 exigere
762 2553 800 2597 ea
820 2536 901 2612 quae
919 2535 1075 2596 Lacedae-

91 2637 182 2682 mone
202 2621 288 2684 fiunt.
315 2620 389 2682 nihil
411 2636 592 2697 comparere
613 2619 735 2694 singula
748 2633 880 2680 neccsse
894 2625 950 2680 est.
983 2634 1076 2680 vose

90 2720 188 2766 censu
210 2706 358 2780 equitem,
381 2722 401 2766 a
421 2721 518 2766 censu
536 2704 670 2780 peditem
691 2705 806 2779 legitis;
837 2710 867 2764 et
887 2718 1006 2780 paucos
1022 2718 1075 2764 ex·

91 2790 206 2850 cellere
222 2789 343 2865 opibus,
358 2789 480 2865 plebem
495 2788 663 2850 subiectam
679 2803 751 2849 esse
764 2787 824 2850 illis
839 2788 940 2848 vultis.
969 2793 1077 2850 noster

92 2873 193 2949 legum
215 2874 295 2934 lator
314 2889 376 2934 non
397 2873 426 2933 iu
440 2889 610 2950 paucorum
630 2888 808 2934 menonem
828 2871 982 2950 publicam
1003 2886 1076 2934 esse

91 2957 196 3032 voluit,
213 2973 306 3034 quern
319 2973 377 3019 vos
391 2963 529 3019 senatum
545 2957 722 3034 appellatis,
742 2973 800 3018 nec
816 2957 967 3018 excellere
982 2973 1075 3018 unum

92 3049 143 3102 aut
157 3041 287 3104 alterum
304 3041 442 3102 ordinem
456 3041 487 3101 in
502 3041 640 3112 civitate;
655 3041 712 3102 sed
722 3056 779 3118 per
789 3043 1003 3118 aequationem
1015 3042 1075 3102 ior·

92 3131 185 3186 tunae
201 3142 239 3187 ac
255 3126 409 3202 dignitatis
425 3127 492 3186 iore
506 3125 634 3188 credidit
647 3131 682 3186 ut
695 3126 780 3187 multi
795 3133 908 3200 essent,
925 3125 978 3201 qui
992 3140 1076 3186 arma

92 3224 148 3284 pro
168 3210 269 3286 patria
293 3210 417 3275 terrent.
449 3211 588 3286 pluribus
602 3225 652 3272 me
666 3210 779 3286 etipse
793 3209 897 3286 egisse
912 3224 1003 3283 quam
1017 3223 1075 3284 pro

93 3294 192 3366 patrio
216 3309 360 3357 sermone
375 3293 556 3369 [brevitatis]
572 3295 678 3358 fateor.
712 3301 742 3356 el
755 3293 888 3356 breviter
901 3298 1075 3367 peroratum

91 3391 161 3438 esse
176 3379 276 3454 potuit
285 3377 358 3438 nihil
371 3393 429 3452 me,
437 3385 600 3454 postquam
612 3379 773 3440 vobiscum
785 3373 1075 3452 instituiamieitiam,
1164 3385 1167 3390 ’

92 3475 147 3522 eur
163 3461 229 3524 cius
243 3478 302 3524 vos
317 3463 487 3538 paeniteret
500 3462 723 3524 commisisse.“
