2506 3898
206 243 318 326 creua
331 243 491 309 xxxviii.
513 244 595 305 cnr.
609 253 654 310 m.
669 257 713 309 m.
736 253 894 322 [nemer]
979 251 1040 316 aes

53 411 182 456 tannem
196 395 269 470 iuga
277 399 431 461 tenentem
442 395 588 462 montium
598 397 631 458 T.
645 395 801 472 Quinctius
814 399 944 462 deiecitt
957 403 1041 476 equi-

54 482 133 541 dem
148 477 256 550 adhuc,
275 481 395 554 qualem
410 485 462 539 eut
476 479 534 539 sibi
549 479 665 554 tingant
674 487 726 542 aut
737 483 827 543 vobis
839 483 938 544 videri
949 485 1043 549 uelint

55 561 183 624 hostem
204 561 316 636 luisse,
337 577 399 632 pou
419 561 551 631 invectio.
587 565 614 625 si
633 565 818 638 degenerem
831 575 863 629 et
877 569 1042 630 emollitum

55 646 245 711 amoenitate
258 645 362 720 Asiae,
384 646 459 721 quid
473 646 604 722 periculi
614 649 666 708 vol
678 649 785 723 iniquo
800 651 870 710 loro
885 652 1041 714 subeunti·

53 730 119 798 bus
134 730 211 794 luit?
231 729 261 790 si
273 729 439 799 iuuandum
453 737 484 793 et
498 730 616 798 scritate
629 731 799 796 animorum
810 739 841 798 at
850 734 962 796 robore
972 751 1041 796 cor·

52 829 179 888 porum,
193 812 314 882 huicine
328 818 429 878 unua
440 813 585 878 uictoriae
597 815 781 891 triumphum
793 818 935 892 negatist
948 833 1042 880 caeca

52 896 175 962 invidia
197 903 258 969 orl,
285 903 388 972 ratres
410 897 591 972 conscripti,
617 901 859 976 necquicquam
880 899 1042 964 aliudsnit

52 995 154 1056 quant
166 981 335 1050 dementare
349 981 486 1055 virtutes,
502 995 698 1056 corrumpere
709 982 844 1046 honores
857 1000 893 1044 ac
906 986 1042 1060 praemia

52 1080 174 1128 earum.
206 1063 280 1133 milri
295 1080 414 1139 quaeso
429 1065 471 1125 ila
484 1064 667 1139 ignoscatis,
689 1073 794 1140 patres
810 1069 991 1143 conscripti,
1013 1070 1040 1129 si
1082 1102 1084 1108 ,

51 1147 230 1223 longiorem
251 1148 420 1218 orationem
432 1163 495 1218 utin
511 1149 663 1224 cupiditas
679 1149 828 1224 gloriandi
844 1151 883 1210 de
897 1167 961 1224 me,
983 1153 1040 1216 sed

51 1231 243 1302 necessaria·
259 1231 417 1302 criminum
437 1232 577 1300 defensio
599 1231 680 1295 lecit.
713 1249 752 1296 an
772 1234 860 1294 etiam
876 1250 933 1310 per
947 1234 1039 1294 Tlnru-
1090 1263 1092 1268 v

52 1316 137 1384 ciam
151 1315 248 1386 saltus
264 1322 414 1391 patentes,
429 1316 481 1392 qni
496 1316 618 1391 armen
629 1323 722 1392 erunt,
738 1324 768 1376 et
779 1319 871 1392 planu
882 1333 922 1379 es
932 1319 1039 1382 arduis

51 1405 86 1467 et
102 1401 183 1469 nutu
197 1415 237 1464 ax
252 1399 445 1468 siluestribus
461 1401 563 1466 lacere
584 1401 715 1476 potuim
735 1409 907 1477 preestare,
928 1403 1040 1466 republ

52 1483 138 1552 nutis
153 1483 212 1556 sibi
228 1483 352 1550 latebris
371 1481 588 1551 delitescerent
599 1486 734 1546 latrones
746 1484 890 1558 amares,
906 1498 950 1551 not
966 1486 1039 1560 quid
1099 1514 1102 1520 ·

52 1568 246 1637 ascensuum
257 1573 426 1643 raperetur,
439 1583 483 1633 ua
496 1569 581 1643 quod
594 1569 759 1633 iumentum
774 1585 814 1634 eu
824 1575 908 1634 tanto
920 1569 1040 1645 nemim

50 1650 294 1724 abstraheretur,
309 1667 348 1712 ne
364 1652 433 1726 quis
447 1654 665 1726 vulneraretur,
680 1668 719 1712 ne
729 1668 770 1714 err
780 1653 908 1719 vulnere
920 1654 965 1714 vir
977 1654 1038 1714 lor·

51 1735 94 1796 tis
112 1750 148 1796 ac
164 1741 307 1798 strenuus
322 1735 356 1808 Q.
371 1734 522 1802 minucius
536 1743 727 1800 morereturt
753 1737 783 1798 in
799 1736 859 1798 hoc
874 1753 958 1812 casu
975 1753 1036 1812 quo

53 1817 218 1886 infeliciter
242 1817 348 1878 incidit
370 1823 405 1881 ut
422 1819 512 1878 tulem
534 1819 631 1879 civem
653 1819 872 1893 amitteremus,
896 1821 1037 1880 haerent:

51 1902 142 1976 quod
163 1902 244 1963 saltu
264 1899 385 1976 iniquo,
411 1901 480 1963 loco
502 1899 601 1962 alieno
623 1917 692 1965 cum
711 1901 839 1964 adortus
861 1919 919 1964 nus
939 1903 1037 1965 hostis

52 1989 151 2056 osset
168 1985 248 2047 duae
261 1985 353 2047 simul
364 1983 448 2049 acies
459 1984 548 2060 primi
559 1991 590 2046 et
601 1983 759 2047 novissimi
771 1985 899 2059 agminis
910 1986 1032 2046 haeren-

50 2073 116 2130 tem
127 2067 168 2128 ud
178 2065 395 2142 impedimenta
407 2074 513 2138 nestm
524 2069 689 2131 exercitum
700 2069 897 2130 bmhnrorum
911 2070 1035 2130 circum·

51 2158 220 2220 venereum
250 2151 335 2228 quod
355 2153 551 2215 multamilia
568 2152 638 2228 ipso
660 2153 724 2225 die,
748 2153 837 2228 plura
857 2153 950 2214 multo
966 2158 1039 2228 post

54 2235 125 2296 dies
140 2249 258 2311 paucos
274 2235 451 2302 ceciderunt
465 2241 495 2298 et
510 2243 671 2311 ceperunt,
687 2235 748 2298 hoo
763 2236 790 2298 si
804 2237 865 2310 ipsi
879 2236 1036 2307 tacuerint,

52 2335 114 2383 vos
130 2319 273 2394 scituros,
288 2333 358 2381 oum
371 2320 459 2381 testis
472 2321 618 2382 oraticnis
630 2336 718 2381 meae
727 2327 810 2382 totus
822 2321 974 2382 exercitus
988 2321 1035 2394 sit,

54 2417 118 2463 ron
139 2403 288 2468 credunt
309 2402 335 2462 si
349 2401 527 2478 gladiumin
542 2403 618 2463 Asia
632 2419 694 2463 non
708 2403 916 2478 strinxissem,
938 2405 966 2464 si
980 2403 1035 2463 hc·

53 2493 135 2548 stem
150 2502 212 2550 non
225 2485 388 2560 vidissem,
404 2493 505 2547 tamen
520 2487 688 2562 proconsul
701 2485 884 2561 triumphum
899 2488 930 2546 ln
943 2485 1035 2546 Thra-

53 2571 103 2632 cia
116 2569 239 2632 duobus
255 2571 380 2646 proeliis
394 2585 574 2632 merueram.
608 2571 665 2632 sed
680 2571 739 2630 iam
754 2570 866 2631 dictum
882 2567 957 2632 satis
973 2575 1035 2630 ests

59 2654 202 2750 ruinpro
217 2670 255 2715 eo
272 2655 355 2730 quod
370 2654 509 2730 pluribus
519 2653 623 2714 verbis
634 2669 692 2714 vos
705 2655 890 2730 quamvolui
902 2653 1035 2728 ludgeri,

54 2753 178 2801 remam
192 2754 211 2798 a
224 2739 314 2798 vobis
331 2738 452 2812 petitam
466 2735 720 2814 impetratamque
731 2738 833 2810 velim,
848 2744 950 2813 patres
962 2752 1035 2798 con-

55 2819 193 2897 scripti.“

141 2907 174 2970 L.
202 2904 274 2968 Plus
297 2905 421 2966 crimino
443 2921 479 2965 eo
494 2905 544 2966 die
561 2921 653 2982 quam
668 2905 807 2968 defensio
822 2904 984 2978 ualuisset,
1005 2904 1034 2964 ni

54 2990 282 3052 altercationem
302 2989 332 3050 in
353 3004 456 3052 sarum
477 2989 705 3064 perduxissent.
742 2989 896 3051 dimittitur
909 2995 1035 3050 senatus

56 3071 87 3134 in
102 3089 139 3134 ee
154 3073 313 3148 opinione,
335 3079 368 3134 ut
381 3079 548 3148 negaturus
562 3073 745 3150 triumphum
759 3071 858 3135 luisse
871 3073 1035 3133 videretur.

56 3163 184 3232 postero
199 3157 249 3218 dle
263 3163 293 3218 ot
305 3157 425 3232 cognati
437 3157 588 3232 amicique
600 3155 653 3217 Cn.
663 3157 767 3217 Manlii
782 3157 908 3218 summis
922 3153 1034 3230 opibus

54 3240 155 3303 adnisi
176 3247 261 3314 sunt,
283 3246 314 3301 ot
335 3237 500 3302 euomuitns
514 3240 670 3302 seniorum
684 3237 778 3302 valult
791 3238 967 3315 negantium
982 3253 1033 3297 ox·

56 3327 189 3400 amplum
207 3325 361 3401 proditum
381 3324 546 3385 memoriae
561 3339 648 3398 esse,
669 3331 702 3385 ut
715 3325 894 3398 imperator,
916 3320 968 3396 qul
982 3321 1033 3381 da-

56 3408 146 3470 viotis
165 3407 390 3484 perduellibus,
412 3409 552 3476 coniecta
572 3407 730 3482 provincia
746 3407 914 3467 exercitum
927 3420 1029 3480 repor

55 3498 165 3568 lasset,
187 3493 252 3554 sine
274 3508 365 3554 curru
386 3498 416 3552 et
437 3494 541 3553 laurea
557 3492 692 3567 privatus
707 3489 970 3566 inhonoratusque
984 3503 1028 3550 ur
