2482 3902
96 212 159 278 124
264 209 525 274 cusnxuxur.
549 209 688 272 cunm
714 209 906 288 [suasae]

95 365 232 428 tiochum
246 371 276 424 et
289 363 418 424 Aetolos
433 360 558 434 missos,
581 362 771 438 consiliaque
785 362 859 424 inita
872 361 1078 437 impellendae

97 451 138 510 ad
152 448 356 511 deiectionem
366 444 567 520 carthaginis,
583 460 641 505 nec
656 445 715 508 alio
731 461 801 507 eum
815 461 908 522 quam
918 445 959 506 ad
969 445 1077 505 Antio·

97 534 188 594 chum
201 547 305 607 regem
320 531 499 606 proiectum,
516 529 600 589 haud
615 527 789 604 quieturum
804 536 968 602 cumatile,
985 545 1078 604 quam

96 617 210 678 bellum
235 621 297 676 toto
318 613 393 674 orbe
413 620 562 674 terrarum
584 613 753 685 concisset;
780 611 813 675 id
833 613 862 674 ei
881 627 942 674 non
964 613 1080 674 debere

96 699 220 776 impune
241 713 327 773 esse,
349 697 377 758 si
398 698 577 759 satisfacere
598 697 864 773 carthaginienses
884 697 1001 772 populo
1017 695 1080 758 llo·

96 799 188 846 manc
210 783 323 844 vellent
343 782 416 842 nihil
431 795 537 844 eorum
552 797 610 842 sua
622 784 779 843 voluntate
793 797 851 842 nec
865 780 990 857 pubslco
1006 795 1080 841 con·

97 869 166 930 silio
178 869 292 928 iactum
303 881 390 928 esse:
406 864 673 942 carthaginienses
685 867 920 942 responderunt
930 865 1082 942 quidquid

98 967 231 1030 aequum
246 951 443 1012 censuissent
454 949 593 1024 Romani,
608 950 745 1012 facturos
760 963 841 1010 esse.

182 1036 333 1096 Hannibal
347 1050 499 1112 prospero
515 1049 610 1095 cursu
622 1035 738 1112 Tyrum
753 1034 899 1110 pervenit,
915 1040 1080 1109 exceptus·

99 1137 160 1197 que
174 1135 193 1181 a
207 1119 417 1182 conditoribus
434 1118 623 1194 carthaginis
638 1125 671 1179 ut
686 1119 724 1180 ab
739 1120 835 1180 altera
848 1117 947 1194 patria
960 1117 1008 1177 vir
1019 1123 1080 1178 tam

100 1207 203 1266 clarus
225 1205 306 1266 omni
327 1218 442 1280 genere
462 1203 628 1278 honorum,
651 1217 769 1277 paucos
783 1209 919 1264 moratus
935 1201 1002 1262 dies
1016 1201 1079 1262 An-

99 1287 243 1350 tiochiam
257 1290 389 1364 navigat
411 1286 454 1348 ibi
470 1287 642 1362 proiectum
655 1287 714 1347 iam
729 1301 834 1363 regem
847 1287 878 1347 in
889 1286 996 1346 Asiam
1011 1301 1079 1348 cum

99 1373 252 1446 audisset,
274 1372 432 1446 filiumque
453 1371 519 1432 eius
542 1373 690 1431 sollemne
709 1373 852 1432 ludorum
871 1369 912 1433 ad
930 1369 1079 1446 Daphnen

100 1457 304 1517 celebrantem
320 1453 533 1528 convenisset,
556 1454 683 1515 comiter
697 1456 735 1515 ab
752 1471 790 1516 eo
805 1461 954 1531 exceptus
969 1455 1080 1518 nudam

99 1555 218 1602 moram
241 1538 406 1615 navigandi
431 1538 511 1597 lecit
546 1537 663 1613 Ephesi
686 1553 791 1614 regem
816 1545 866 1600 est
885 1545 1080 1614 consecutus,

99 1623 298 1684 fluctuantem
318 1622 420 1683 adhuc
440 1620 540 1680 animo
555 1619 766 1699 incertumque
781 1623 821 1684 de
835 1625 974 1686 Romano
989 1622 1077 1684 bellot

99 1707 157 1768 sed
171 1706 254 1766 haud
268 1721 396 1782 parvum
410 1710 595 1766 momentum
609 1706 649 1766 ad
664 1707 799 1768 animum
813 1708 880 1768 eius
895 1707 1081 1768 moliendum

100 1791 251 1852 adventus
262 1788 440 1851 Hannibalis
456 1787 536 1850 iecit.
558 1791 738 1852 Aetolorum
751 1807 875 1868 quoque
886 1792 995 1853 eodem
1006 1797 1080 1851 tem·

100 1889 177 1950 pore
198 1874 319 1936 alienati
340 1875 379 1935 ab
401 1873 549 1934 societate
562 1875 702 1936 Romana
722 1875 815 1938 animi
836 1883 923 1947 sunt;
952 1889 1081 1950 quorum

102 1960 219 2034 legatos
229 1957 409 2022 Pharsalum
424 1965 455 2018 et
465 1957 639 2018 Leucadem
650 1966 681 2020 et
692 1961 843 2036 quasdam
853 1959 929 2020 alias
943 1957 1081 2020 cltitates

101 2057 140 2102 ex
147 2042 245 2119 primo
253 2042 553 2118 loedererepetentis
562 2049 688 2104 senatus
696 2044 774 2105 adT.
783 2043 954 2119 Quinctium
963 2041 1081 2103 reiecit

495 2221 501 2226 -
508 2221 690 2230 *Ἢ

421 2373 566 2470 llll
604 2372 748 2472 ltvl

377 2525 432 2586 ΑΒ
459 2524 576 2586 URBE
607 2521 812 2586 CONDITA

461 2642 572 2706 iluna
594 2636 725 2702 XXXIV.

120 2857 267 2907 EPITOME.
305 2858 358 2907 Lex
376 2857 466 2925 Oppia,
485 2873 562 2922 quern
574 2860 600 2910 G.
613 2861 712 2927 Oppius
729 2864 845 2912 tribunus
862 2862 944 2927 plebis
961 2863 1087 2915 belloPu-

153 2925 210 2975 nico
220 2925 252 2976 de
268 2925 386 2976 finiendis
396 2935 568 2978 matronarum
578 2929 687 2980 cultibus
697 2930 796 2996 aderat,
811 2945 869 2982 eum
878 2946 971 2998 magne
981 2943 1086 2984 conteu-

153 2994 222 3044 tione
232 2994 354 3061 abrogata
363 3003 416 3061 est,
433 3010 491 3045 cum
500 2997 534 3047 M.
547 2997 650 3048 Porcius
661 2997 722 3049 Cato
732 3006 821 3049 auctor
831 2998 938 3068 fuisset,
957 3017 989 3052 ne
999 3017 1030 3052 ea
1042 3001 1086 3052 lex

155 3061 306 3115 aboleretur.
331 3063 548 3130 lsinllispaniam
558 3067 689 3132 proiectus
698 3067 781 3134 hello,
795 3069 865 3130 quod
875 3069 1002 3136 Emporiis
1011 3085 1086 3120 orsus

152 3139 205 3192 est,
224 3132 364 3184 citeriorem
378 3135 526 3200 hispaniam
542 3138 653 3201 pacavit.
678 3137 708 3189 Τ.
718 3135 850 3196 Quinctius
862 3137 1017 3189 Flamininus
1029 3139 1084 3190 bei-

154 3201 207 3252 lum
224 3201 347 3253 advcrsus
361 3203 577 3256 Lacedaemonios
594 3213 620 3256 et
630 3214 764 3272 tyrannum
780 3218 867 3257 eorum
884 3205 1008 3259 Nabidem
1023 3221 1085 3273 prc-

154 3285 229 3334 spere
242 3279 342 3337 gestum
355 3273 415 3324 data
426 3273 458 3324 iis
467 3288 540 3339 pace,
551 3275 653 3340 qualem
662 3276 717 3341 ipse
728 3274 815 3335 voluit,
823 3274 986 3341 liberatisque
996 3277 1085 3342 Argis,

153 3341 254 3403 quisuh
274 3341 373 3392 dicione
389 3344 489 3408 tyranni
507 3351 593 3408 erant,
610 3345 699 3396 finivit.
730 3359 772 3394 res
782 3352 913 3410 praeterea
924 3347 950 3395 in
961 3345 1086 3412 lilspeuie

154 3415 179 3455 et
194 3407 220 3456 in
231 3406 312 3458 Gallia
324 3411 449 3461 adversus
465 3411 543 3462 Boios
555 3420 580 3462 et
590 3413 709 3464 Insubres
716 3410 826 3464 feliciter
834 3421 921 3478 gestae
931 3413 1084 3465 referuntur.

152 3484 256 3525 senatus
274 3484 334 3527 tunc
352 3480 462 3544 primum
483 3488 596 3532 secretus
614 3495 630 3531 a
647 3482 744 3548 populo
758 3481 833 3534 ludos
849 3483 984 3548 spectavit:
1008 3490 1036 3532 ut
1056 3482 1085 3532 id
