2506 3898
207 207 322 268 ureae
338 205 499 266 xxxtun.
522 207 605 266 etr.
619 213 775 268 aranea.
798 207 879 284 [ac.
893 207 953 284 rao]
1009 205 1070 270 att

82 357 206 420 veniret
224 357 255 416 ln
270 356 516 434 Peloponnesum
537 357 577 418 ad
594 356 700 417 urbam
713 356 976 418 Lacedaemonem
991 357 1022 418 in
1037 357 1071 418 h-

80 445 159 502 dem
174 439 388 517 dicionemque
400 441 504 518 populi
516 440 650 502 Romani
659 440 880 516 accipiendam.
901 440 1021 502 XXXII.
1041 441 1072 502 id

82 525 141 586 ubi
155 525 247 600 legati
262 525 303 584 ad
313 523 458 585 Achaeos
469 524 655 596 rettulerunt,
672 523 806 586 omnium
818 524 982 586 civitatium
994 539 1073 600 quae

82 611 155 670 eius
177 608 297 670 concilii
314 617 403 689 'erant
423 624 577 670 consensu
597 608 710 670 bellum
723 608 975 670 Lacedaemoniis
996 607 1073 668 indi-

85 702 170 754 ctum
182 698 240 753 est.
258 707 298 754 ne
308 693 462 769 externplo
473 700 638 768 gereretur,
654 692 751 753 hiems
763 692 909 769 impediit.
924 692 1073 754 incursio·

84 777 179 837 nibus
194 784 296 838 tannen
310 777 423 852 parvis,
438 775 589 840 latrocinii
599 775 697 852 magis
711 793 803 854 quarn
813 777 884 837 belli
895 777 998 848 modo,
1010 793 1073 838 non

84 870 170 920 terra
183 867 301 922 tantum
315 861 372 921 sed
386 861 475 922 etiam
488 861 618 923 navibus
629 877 649 922 a
659 862 735 921 mari
744 862 823 923 fines
835 877 942 922 eorum
954 859 1073 922 vastati.

84 945 139 1005 hic
153 945 298 1006 tumultus
315 946 472 1006 consulem
486 945 734 1022 Peloponnesum
757 945 897 1018 adduxit,
923 946 1074 1022 iussuque

83 1029 156 1090 elus
172 1028 238 1088 Elin
261 1027 391 1090 concilio
409 1027 522 1090 indicto
534 1027 769 1090 Lacedaemonii
784 1029 824 1089 ad
838 1029 1073 1106 disceptandum

85 1113 188 1174 acciti.
210 1127 321 1188 magna
333 1111 375 1172 ibi
389 1129 451 1174 non
466 1111 649 1190 disceptatio
663 1111 757 1173 modo
772 1112 829 1173 sed
840 1114 996 1174 altercatio
1008 1113 1072 1186 tuit,

85 1196 139 1257 cui
155 1198 279 1270 consul,
301 1211 370 1256 curn
383 1197 442 1258 alla
457 1197 533 1258 satis
547 1195 709 1258 ambitiose
723 1202 840 1273 partem
854 1203 1013 1274 utrarnque
1028 1199 1073 1258 lo-

84 1280 191 1342 vendo
211 1280 327 1341 incerta
346 1281 576 1357 respondisset,
597 1297 659 1343 una
679 1280 921 1357 denuntiatione,
945 1289 978 1343 ut
991 1282 1072 1343 bello

85 1365 280 1425 abstinerent
299 1364 399 1426 donec
413 1366 541 1426 Romam
560 1366 600 1426 ad
620 1371 760 1426 senatum
774 1366 893 1441 legatos
907 1365 1074 1440 misissent,

86 1449 183 1509 finem
203 1447 357 1525 imposuit.
383 1449 534 1525 utrimque
554 1450 664 1526 legatio
684 1449 780 1511 missa
792 1449 921 1512 Romam
935 1456 992 1512 est
1020 1465 1073 1509 ex-

85 1533 175 1593 sules
187 1547 311 1609 quoque
322 1533 631 1596 Lacedaemoniorum
642 1550 729 1596 suam
742 1550 866 1595 causam
878 1534 1073 1610 legationem·

88 1633 152 1694 que
164 1616 297 1678 Achaeis
310 1615 514 1680 iniunxerunt.
537 1619 714 1695 Diophanes
726 1618 924 1698 etLycortas
937 1617 1072 1694 Megalo·

88 1699 219 1778 politeni
240 1701 344 1774 ambo,
370 1701 526 1779 principes
547 1702 707 1778 legationis
721 1702 916 1764 Achaeorum
936 1703 1072 1763 luerunt=

89 1786 146 1862 qui
162 1784 350 1846 dissidentes
364 1785 395 1845 in
409 1802 443 1846 re
458 1787 579 1862 publica
593 1793 657 1846 tum
672 1799 798 1860 quoque
812 1785 934 1846 minime
948 1785 1027 1846 inter
1037 1800 1073 1846 se

87 1868 302 1930 convenientis
317 1869 471 1930 orationes
485 1870 665 1930 habuerunt.
687 1868 864 1944 Diophanes
879 1869 999 1930 senatui
1010 1866 1073 1930 dis·

27 1965 31 1974 ·
88 1951 294 2028 captationem
310 1953 443 2014 omnium
455 1969 555 2014 rerum
576 1950 782 2028 permittebat:
802 1967 858 2014 eos
873 1951 985 2028 optime
1001 1966 1073 2011 con·

87 2035 259 2097 troversias
273 2035 352 2098 inter
361 2037 504 2098 Achaeos
519 2053 556 2097 ac
566 2036 830 2098 Lacedaemonios
841 2035 980 2096 finituros
991 2049 1073 2095 esse.

88 2120 241 2197 Lycortas
274 2135 313 2179 ex
343 2121 517 2197 praeceptis
543 2119 790 2196 Philopoemenis
821 2119 1010 2196 postulabat,
1041 2127 1074 2180 ut

89 2203 225 2264 Achaeis
241 2218 280 2262 ex
294 2204 421 2265 loedere
434 2221 471 2265 ac
485 2203 604 2280 legibus
619 2203 684 2264 suls
701 2219 780 2280 quac
792 2205 972 2265 decressent
982 2217 1074 2279 agere

90 2287 212 2362 liceret,
234 2287 464 2362 libertatemque
485 2289 543 2348 sibl
563 2287 723 2360 illibatam,
745 2287 833 2348 cuius
855 2288 916 2363 ipsi
931 2294 1073 2349 auctores

90 2379 212 2444 essent,
233 2378 435 2446 praestarent.
456 2387 585 2448 magnae
605 2370 792 2431 auctoritatis
814 2373 897 2446 apud
915 2372 1073 2432 Romanos

92 2459 154 2516 turn
175 2469 253 2528 gens
273 2453 467 2515 Achaeorum
488 2461 565 2516 erate
587 2453 694 2514 novari
714 2457 815 2513 tamen
839 2452 912 2513 nihil
927 2454 966 2513 de
979 2455 1073 2514 Lace·

91 2537 261 2599 daemoniis
287 2535 437 2614 placebat.
469 2545 602 2599 ceterum
625 2551 810 2611 responsum
831 2536 872 2597 lta
893 2537 1073 2612 perplexum

91 2621 161 2694 luit,
184 2629 219 2683 ut
238 2627 268 2682 et
281 2621 399 2682 Achaei
416 2618 477 2680 sibi
497 2620 536 2680 de
549 2619 782 2680 Lacedaemone
796 2617 980 2696 permissum
994 2619 1074 2679 aeci-

92 2713 211 2781 perent
224 2714 254 2767 et
267 2701 502 2774 Lacedaemonii
516 2720 578 2765 non
593 2703 696 2764 omnia
710 2718 861 2764 concessa
874 2702 912 2762 iis
927 2703 1074 2779 interpre-

90 2795 236 2850 tarentur.
263 2788 321 2848 hac
342 2793 494 2864 potestate
514 2787 675 2848 immodice
689 2785 805 2848 Achaei
826 2803 862 2848 ac
877 2785 1011 2862 superbe
1026 2786 1075 2848 usi

93 2879 173 2933 sunt.
194 2871 326 2934 XXXlll.
347 2870 576 2947 Philopoemeni
591 2871 785 2934 continuatur
795 2869 999 2948 magistratus.
1023 2869 1075 2946 qui

93 2958 176 3017 reris
197 2957 281 3017 initio
302 2954 439 3016 exercitu
451 2954 565 3016 indicto
581 2962 682 3016 castra
696 2955 726 3015 in
742 2955 855 3016 finibus
869 2955 1075 3016 Lacedaemo·

95 3036 214 3102 nicrum
225 3039 337 3115 posuit,
348 3041 465 3114 legatos
476 3038 587 3099 deinde
599 3039 680 3098 misit
691 3039 731 3099 ad
742 3039 959 3116 deposcendos
971 3044 1075 3100 aucto-

94 3137 145 3183 res
161 3123 351 3194 delectionls,
368 3129 398 3182 et
412 3122 562 3183 civitatem
572 3121 602 3181 in
615 3137 693 3197 pace
703 3123 843 3194 futuram,
860 3123 887 3182 si
898 3121 929 3181 id
941 3121 1074 3193 lecisset,

95 3208 278 3283 pollicentis,
293 3213 323 3267 et
336 3207 405 3269 illos
419 3204 491 3266 nihil
505 3205 620 3266 indicta
634 3221 729 3266 causa
743 3221 903 3282 passuros.
926 3203 1077 3266 silentium

95 3304 171 3363 prae
185 3298 268 3352 metu
283 3299 453 3352 ceterorum
468 3290 537 3350 luite
560 3305 640 3364 quos
653 3289 829 3352 nominatim
840 3289 1076 3365 depoposcerat,

97 3370 158 3447 ipsi
172 3391 207 3437 se
221 3375 318 3437 ituros
332 3373 467 3451 professi
481 3381 561 3444 sunt,
576 3373 639 3435 ilde
653 3381 781 3449 accepta
794 3372 934 3448 elegatis
948 3369 1014 3432 vim
1024 3371 1067 3432 ab

98 3455 237 3534 futuram,
249 3460 348 3522 donec
360 3473 485 3520 oausam
496 3456 656 3519 dixissent.
672 3457 771 3520 ierunt
782 3455 870 3517 etiam
882 3455 933 3518 alil
944 3456 1077 3518 illustres
