2480 3904
173 138 235 205 toa
260 136 376 198 umnn
388 133 523 196 mrxrv.
539 131 622 192 cnr.
633 139 676 195 aa.
689 141 732 196 aa.
749 139 785 206 n.
795 137 829 191 u.
839 139 1009 196 ausano.
1019 141 1082 210 194]

173 290 272 369 plebis
294 304 332 348 ex
353 292 480 348 senatus
506 285 648 346 consulto
673 283 741 344 tulit
760 285 798 344 ad
824 285 961 361 plebem,
988 288 1160 364 plebesque

172 374 270 448 scivit,
285 379 319 432 ut
331 368 457 432 Latinae
472 369 553 438 duae
568 368 718 443 coloniae,
734 384 796 430 una
809 369 841 430 in
854 369 1002 446 Bruttios,
1019 371 1115 432 altera
1130 373 1158 433 in

170 459 335 522 Thurinum
351 469 458 530 agrum
472 453 707 514 deducerentur.
735 451 785 514 his
801 451 995 524 deducendis
1011 455 1160 528 trbrmviri

172 541 274 613 creati,
292 539 404 616 quibus
419 537 450 598 in
464 536 626 598 triennium
640 535 801 616 imperium
816 544 910 610 esset,
927 539 958 598 in
972 539 1111 608 Bruttios
1127 541 1160 615 Q.

170 625 303 687 Naevius
317 623 357 684 Μ.
372 621 525 690 Minucius
538 621 637 684 Rufus
652 619 692 684 bt
706 619 817 686 Furius
834 622 1013 698 Crassipes,
1035 623 1068 686 in
1081 623 1160 686 Thu-

170 710 270 771 rinum
284 723 391 783 anum
407 706 460 767 cn.
475 705 608 770 Manlius
624 705 657 782 Q.
673 705 781 770 Aelius
795 705 828 768 L.
844 708 1007 782 npmnus.
1037 723 1076 772 ea
1090 709 1161 770 bina

172 793 294 855 canitia
308 792 359 854 Cn.
374 789 525 852 Domitius
540 796 665 865 praetor
679 789 815 868 urbanus
830 790 861 854 in
879 790 1029 867 Capitolio
1044 789 1161 854 habuit

254 876 361 938 Aedes
383 891 421 940 eo
437 890 518 940 anno
534 874 651 952 aliquot
665 873 826 948 dedicatae
840 882 927 936 sunt:
955 893 1019 936 una
1033 876 1161 938 lunonis

169 962 303 1024 Matutae
318 961 348 1019 in
363 961 431 1023 loro
448 959 583 1034 olitorio,
607 964 678 1020 uota
690 959 854 1036 locataque
868 959 1074 1036 quadriennio
1089 968 1161 1022 aute

170 1063 189 1106 a
204 1047 235 1107 c.
252 1045 392 1108 Cornelio
415 1045 543 1116 consuto
558 1043 674 1112 Gallico
688 1041 787 1112 bello;
811 1059 923 1106 censor
937 1043 1020 1106 idem
1035 1045 1160 1106 dedica·

171 1131 227 1202 vit;
249 1131 344 1190 altera
357 1128 470 1190 Fauni:
495 1128 612 1194 aediles
627 1144 695 1188 earn
709 1127 833 1188 biennio
849 1135 919 1188 ante
936 1144 977 1188 ex
990 1129 1161 1191 multaticio

170 1219 297 1290 argento
312 1213 483 1278 taciendam
497 1213 636 1274 lornant
650 1211 681 1272 c.
695 1209 874 1276 Scribonius
890 1219 921 1273 et
932 1211 986 1273 tin.
998 1213 1152 1274 Domitius

171 1299 224 1374 qui
246 1301 369 1373 praetor
389 1292 526 1358 urbanus
546 1311 614 1357 eam
637 1295 800 1357 dedicavit.
831 1303 862 1356 et
876 1296 987 1358 aedem
1000 1297 1161 1360 Fortunae

170 1381 369 1458 primigeniae
386 1382 417 1444 in
434 1383 512 1442 colle
527 1379 672 1454 Quirinali
689 1379 843 1446 dedicavit
858 1380 892 1456 Q.
906 1380 1043 1442 Marcius
1059 1383 1159 1453 Ralla,

171 1463 312 1527 duumvir
333 1463 372 1530 ad
392 1465 423 1524 id
443 1465 545 1538 ipsura
561 1470 699 1526 creatus:
719 1471 848 1524 voverat
862 1479 930 1524 eam
945 1465 1055 1527 decem
1070 1467 1160 1528 annis

170 1556 240 1610 ante
259 1548 374 1609 Punico
395 1548 476 1607 bello
496 1545 527 1604 P.
549 1545 751 1622 Sempronius
773 1547 899 1624 Sophus
922 1551 1048 1620 consul;
1074 1551 1160 1617 loca·

169 1641 257 1694 verat
276 1633 358 1694 idern
378 1646 500 1692 censor.
532 1635 562 1692 et
575 1629 606 1692 io
621 1630 722 1696 insula
737 1631 819 1696 lovis
835 1631 944 1697 cedern
960 1632 990 1694 G.
1007 1631 1160 1696 Servilius

170 1715 312 1778 duumvir
326 1715 493 1778 dedicavit:
515 1721 589 1777 vota
603 1721 669 1776 erat
683 1730 740 1776 sex
754 1715 844 1777 annis
861 1722 932 1778 ante
944 1716 1060 1792 Gallico
1075 1719 1160 1780 bello

170 1801 209 1861 ab
223 1801 256 1860 L.
270 1799 362 1862 Furio
377 1798 571 1876 Purpurione
592 1807 750 1876 praetore,
772 1801 811 1861 ab
833 1800 944 1864 eodem
957 1807 1070 1880 posteo
1083 1818 1145 1866 con

170 1886 237 1946 sule
251 1887 362 1946 locata.
383 1883 461 1945 haec
476 1900 514 1946 eo
529 1899 610 1945 anno
625 1891 702 1946 acta.

87 1964 93 1974 '
254 1969 332 2030 LIV.
352 1967 384 2030 P.
401 1967 506 2044 Scipio
522 1984 561 2028 ex
576 1968 737 2043 provincia
753 1968 850 2032 Gallia
864 1969 904 2030 ad
922 1970 1068 2032 consules
1083 1971 1158 2032 sub·

169 2053 325 2128 rogandos
345 2051 444 2112 rediit.
480 2052 602 2112 comitia
623 2053 784 2112 consulum
805 2054 906 2128 luere,
929 2052 1043 2130 quibus
1062 2055 1158 2116 creati

170 2143 240 2198 sunt
250 2137 283 2195 L.
297 2135 456 2198 cornelius
466 2134 584 2198 Merula
595 2142 626 2196 et
637 2135 670 2210 Q.
681 2135 835 2198 Minucius
846 2137 1006 2200 Thermus.
1027 2145 1158 2214 postero

169 2219 220 2278 die
240 2218 333 2278 creati
355 2225 426 2284 sunt
445 2226 604 2295 praetores
624 2219 658 2280 L.
675 2219 833 2282 Cornelius
852 2220 957 2298 Scipio
971 2221 1012 2282 Μ.
1027 2222 1158 2284 Fulvius

166 2301 305 2364 Nobilior
320 2302 350 2364 c.
368 2301 547 2369 Scribonius
561 2303 602 2364 Μ.
613 2304 757 2370 Valerius
771 2305 907 2367 Messala
919 2305 952 2366 L.
964 2305 1092 2368 Porcius
1108 2307 1156 2368 Li-

169 2385 256 2448 cinus
271 2392 302 2448 et
312 2385 343 2449 c.
354 2385 529 2458 Flaminius.
551 2388 720 2464 Megalesia
733 2389 824 2452 ludos
839 2390 983 2452 scenicos
992 2392 1032 2452 A.
1043 2391 1158 2453 Atilius

168 2469 320 2533 Serranus
335 2472 369 2533 L.
386 2470 565 2541 Scribonius
582 2473 658 2536 Libo
680 2475 795 2535 aediles
816 2476 940 2536 curules
961 2474 1052 2551 primi
1074 2477 1158 2536 lece

166 2563 246 2618 runt.
274 2556 384 2618 horum
406 2557 549 2623 aedilium
571 2558 661 2624 ludos
676 2558 833 2622 Romanos
848 2559 979 2634 primum
994 2566 1123 2621 senatus
1138 2577 1159 2621 a

167 2643 283 2718 populo
305 2647 443 2703 secretus
466 2643 631 2718 spectavit,
654 2642 857 2719 praebuitque
875 2658 1054 2714 sermones,
1077 2644 1158 2704 sicut

167 2725 266 2786 omnis
281 2725 401 2788 novitas
416 2727 504 2800 solet,
520 2726 588 2789 aliis
604 2727 737 2801 tandem,
753 2727 838 2804 quod
848 2727 943 2790 mtdto
955 2733 1027 2794 ante
1039 2727 1156 2790 debue-

165 2809 212 2881 rit,
227 2807 371 2871 tributum
385 2809 629 2878 existimantibus
646 2810 837 2886 amplissimo
850 2811 966 2882 ordini;
988 2811 1058 2872 aliis
1071 2812 1156 2874 dem·

164 2895 250 2968 ptu'm
271 2907 311 2952 ex
331 2892 478 2968 dignitate
499 2893 606 2968 populi
630 2894 782 2970 quidquid
796 2895 946 2972 maiestati
964 2903 1086 2972 patrum
1102 2899 1156 2960 ad-

163 2976 275 3038 iectum
296 2983 380 3038 esset
399 2975 684 3054 interpretantibus,
707 2985 738 3040 et
758 2979 860 3049 omnia
881 2980 1059 3050 discrimina
1073 2981 1157 3055 talia,

164 3059 276 3138 qulbus
292 3060 416 3124 ordines
432 3062 697 3138 discernerentur,
713 3071 745 3126 et
760 3063 945 3130 concordiae
960 3070 990 3124 et
1004 3062 1155 3126 libertatis

163 3159 264 3222 aeque
283 3145 467 3210 minuendae
489 3163 571 3210 esse.
604 3147 646 3208 ad
662 3147 943 3224 quingentesimum
962 3147 1155 3226 quinquage-

163 3229 274 3293 simum
299 3237 440 3294 octavum
465 3249 578 3296 anuum
602 3229 633 3292 in
656 3233 836 3307 promiscuo
866 3238 1038 3308 spectatum
1066 3249 1156 3294 esses

163 3315 238 3390 quid
256 3322 384 3392 repente
404 3317 532 3392 lactum,
555 3330 610 3375 cur
630 3316 796 3376 immisceri
817 3315 876 3376 sibi
892 3317 922 3376 in
938 3331 1034 3376 cavea
1049 3323 1157 3392 patres

163 3397 285 3471 plebem
304 3401 433 3474 nolent,
456 3413 512 3460 cur
532 3397 619 3460 dives
640 3413 813 3475 pauperem
834 3413 1053 3462 consessorem
1068 3399 1155 3463 lasti-
