2482 3902
242 202 358 264 LIBER
369 204 503 266 XXXIV.
527 205 719 268 CARM&
743 212 824 282 [mc.
839 214 901 281 19⁶]
953 224 956 234 '
999 209 1062 274 ile

74 371 155 428 vem,
172 354 271 430 signis
283 355 567 432 collatis,secundo
583 357 701 432 proelio
717 356 864 420 conflixit.
891 366 962 422 octo
977 361 1062 424 milio

74 440 234 502 Gallorum
253 451 348 500 caeso
367 440 544 516 trecentum
573 440 666 502 ceteri
687 441 803 503 omisso
823 441 906 506 bello
926 443 957 504 in
971 445 1060 509 vicos

72 539 152 586 snos
166 529 262 600 atoue
280 531 375 600 agros
390 524 513 601 dilapsi.
546 527 658 587 consul
669 525 822 603 reliquum
835 528 963 590 ιιιιιιίι
978 529 1062 594 circo

71 608 191 670 Padum
212 607 383 670 Placentiae
401 615 435 670 et
454 609 623 670 cremonae
643 610 811 672 exercitum
831 609 951 689 habuit,
970 614 1059 676 resti·

69 693 194 771 uutmre
204 707 289 767 nure
303 693 386 754 iniis
400 693 525 776 oppidis
540 694 622 755 bello
633 693 737 756 cliruta
751 695 880 757 tuamne

155 775 300 840 Gumbie
315 782 411 839 statas
432 793 534 840 rerum
549 777 579 838 in
594 779 679 840 italia
692 779 904 856 Hispaniaque
916 787 1010 856 esset,
1025 782 1058 843 T.

72 861 216 937 Quirrctio
230 861 263 920 in
279 861 407 922 Graecia
419 861 461 923 ita
474 861 610 924 hibernis
624 865 712 940 ootts,
725 869 761 926 ut
774 864 914 942 exeeptis
929 866 1062 942 Acteis,

73 946 189 1022 quibus
215 955 273 1007 neo
294 957 351 1022 pro
373 961 430 1022 spe
449 947 596 1008 victoriae
617 947 755 1024 praemia
774 948 977 1024 contigerant,
1001 963 1060 1011 nee

72 1032 126 1091 ‹liu
144 1031 238 1106 *quim
260 1031 384 1106 placere
403 1036 538 1108 poterat,
558 1031 704 1092 universa
719 1031 849 1093 Graecia
866 1033 956 1094 simul
970 1035 1059 1110 pacis

72 1114 286 1190 liberulisnue
308 1115 469 1190 perimens
490 1115 581 1177 bonis
596 1116 719 1192 egregie
733 1122 816 1178 stetu
827 1131 886 1178 suo
901 1119 1051 1192 gauderet

73 1215 133 1260 neo
155 1198 254 1274 magis
269 1197 298 1258 in
314 1199 395 1260 bello
406 1202 548 1262 virtutem
562 1200 691 1262 Romani
707 1201 795 1262 ducis
812 1215 904 1276 quem
917 1201 949 1260 in
965 1199 1060 1262 violo-

72 1284 119 1344 ιιι
128 1283 364 1359 temperantiam
375 1283 582 1360 iustitiumque
597 1291 627 1346 et
635 1285 877 1346 moderationem
889 1284 1060 1359 miraretur,

73 1374 202 1430 semotas
218 1371 399 1443 consultum,
415 1386 476 1445 quo
492 1369 605 1430 bellurn
619 1370 771 1432 adversus
785 1367 893 1430 Nabim
904 1368 1059 1430 Lacedae

71 1453 210 1515 monium
225 1453 382 1514 decretum
393 1460 468 1528 erat,
479 1453 624 1515 adieruu.
646 1470 710 1529 quo
721 1455 801 1514 lecto
814 1451 973 1528 Quinctius
985 1468 1061 1516 coo-

71 1543 198 1598 ventum
212 1535 388 1598 tiorintlrum
403 1539 537 1600 omnium
554 1537 708 1600 socierum
722 1537 887 1598 erientiam
898 1535 1059 1614 legationi-

72 1623 131 1682 bus
144 1621 269 1682 incitem
281 1629 394 1682 certam
405 1617 503 1684 edicit.
520 1623 560 1684 ad
572 1639 664 1698 quom
674 1623 727 1684 ubi
734 1621 915 1699 trequentes
922 1621 1061 1697 undique

74 1705 233 1784 principes
244 1713 471 1782 convenerunt,
493 1707 535 1768 ito
548 1714 582 1769 ut
595 1723 635 1768 no
648 1707 750 1768 Aetoli
764 1705 889 1784 quidem
904 1706 1059 1781 abessent,

74 1790 127 1852 tali
146 1791 289 1852 oratioue
308 1797 357 1852 est
374 1806 463 1852 usus.
496 1791 630 1864 „bellum
644 1791 794 1852 adversus
808 1789 981 1866 Philippum
996 1804 1060 1850 non

74 1875 174 1952 nugis
189 1875 343 1937 communi
357 1875 459 1936 animo
474 1875 667 1951 consilioque
678 1875 809 1936 Romani
824 1881 855 1934 et
866 1874 975 1934 Graeci
989 1889 1059 1949 ges-

75 1965 197 2034 serunt,
220 1975 312 2036 quarn
332 1959 453 2036 utrique
473 1975 550 2021 suas
565 1975 676 2020 causas
691 1959 763 2020 belli
779 1957 961 2019 habuerunt.
989 1973 1060 2017 nam

75 2051 106 2106 et
118 2045 328 2106 Romanorum
349 2045 509 2106 amicitiam
522 2059 606 2105 nunc
619 2042 879 2118 Carthaginiensis
891 2040 992 2104 bostis
1007 2057 1059 2102 eo·

74 2144 143 2190 mm
157 2129 308 2203 iuvando,
328 2145 411 2190 nuno
425 2128 475 2188 hic
487 2129 583 2190 sociis
598 2128 713 2191 nostris
731 2125 949 2204 oppugnandis
964 2127 1059 2188 viola·

75 2219 178 2283 vorate
200 2220 231 2274 et
245 2213 276 2273 in
290 2229 348 2274 vos
361 2213 431 2274 telis
447 2213 510 2288 luit,
523 2219 559 2274 ut
572 2214 673 2288 nobis,
688 2211 808 2274 etiamsi
819 2215 993 2274 nostrorum
1005 2211 1059 2272 ob—

76 2298 289 2361 livisceremur
299 2296 485 2372 iniuriarum,
500 2301 623 2358 vestroe
634 2297 761 2358 iniuriae
771 2296 847 2358 satis
859 2295 954 2372 digna
964 2311 1061 2358 ceusu

76 2383 149 2442 belli
174 2382 272 2443 luerit.
285 2422 291 2427 ,
305 2381 454 2444 hodierna
474 2382 659 2444 consultatio
679 2386 745 2442 toto
763 2396 804 2440 ex
823 2379 914 2441 vobis
935 2381 1061 2455 pendet.

76 2467 178 2528 resero
190 2465 276 2528 enim
290 2467 411 2541 advos,
425 2473 526 2528 utrum
540 2467 653 2540 Argos,
668 2464 749 2524 sieut
762 2463 847 2524 scitis
860 2463 932 2538 ipsi,
948 2463 987 2522 ab
1001 2462 1060 2522 Ne·

77 2550 150 2611 bide
170 2555 342 2627 occupatos
363 2551 426 2626 pati
439 2551 540 2611 velitis
556 2549 613 2610 sub
628 2547 750 2608 melone
764 2547 832 2607 eius
844 2561 934 2618 esse,
955 2561 995 2605 an
1010 2559 1060 2604 ne

78 2649 175 2710 quum
189 2635 342 2696 censeatis
349 2633 575 2697 <nobilissimam
585 2629 888 2706 vetustissimamque
899 2627 1061 2703 civitatem,

79 2720 107 2778 in
128 2719 233 2780 media
254 2719 383 2780 craecia
406 2719 509 2792 sitam,
535 2717 633 2794 repeti
656 2715 688 2786 in
707 2715 877 2777 libertatem
897 2720 928 2775 et
950 2711 1062 2774 eodem

78 2809 159 2864 stetu
183 2819 246 2881 quo
272 2809 391 2866 ceteras
415 2804 510 2865 urbes
529 2798 736 2878 Peloponnesi
760 2806 793 2862 et
811 2797 958 2860 Graeciae
979 2811 1062 2859 esse.

79 2888 159 2960 haee
170 2887 372 2962 consultatio,
391 2895 425 2950 ut
438 2888 566 2963 uidetis
582 2893 649 2948 tota
658 2886 702 2947 do
715 2900 750 2946 re
759 2884 935 2961 pertinente
949 2882 1063 2944 advos

79 2979 141 3034 est·
175 2973 334 3034 Romanos
357 2973 437 3033 nihil
465 2970 625 3046 contingit,
651 2969 714 3032 nisi
739 2974 891 3046 quatenus
917 2967 1064 3028 liberatae

80 3057 333 3118 emineamus
349 3057 478 3119 civitatis
490 3055 626 3117 servitus
634 3069 701 3118 non
713 3055 835 3133 plenam
844 3067 904 3114 nec
913 3053 1063 3125 integram

78 3141 207 3216 uellam
226 3156 302 3202 esse
310 3141 396 3204 sinit.
426 3147 561 3202 cetermn
572 3140 602 3201 si
615 3155 674 3202 voe
689 3153 748 3202 ooo
757 3152 837 3200 ema
846 3135 917 3198 eius
932 3132 1063 3195 ciuitatis

77 3239 137 3286 uec
159 3228 335 3302 exemplum
360 3240 419 3286 nec
444 3224 612 3324 periculum
636 3230 754 3298 movet,
776 3237 818 3284 ne
840 3225 949 3296 serpat
971 3215 1062 3278 totius

80 3309 222 3385 oonmgio
243 3311 311 3372 eius
329 3309 419 3383 reali,
438 3325 500 3393 nes
520 3308 622 3386 nequi
620 3307 762 3384 bonique
777 3304 914 3367 looimos
946 3299 1064 3362 aeine

79 3408 113 3452 re
134 3409 192 3455 ros
215 3396 361 3470 consulo,
380 3383 518 3456 moturas
540 3408 595 3467 eo,
621 3391 705 3468 quod
725 3391 830 3466 plures
850 3384 1063 3450 emeterium

79 3477 184 3538 ltxul.
212 3486 288 3556 past
316 3478 485 3542 motionem
508 3475 639 3573 ltennoni
664 3472 858 3551 imperatoris
883 3469 1062 3550 percenseri
