2480 3904
195 209 258 276 tat
331 211 446 272 LIBER
456 210 590 271 lltlxvlt
612 209 696 270 cap.
710 218 736 272 a.
751 217 778 270 4.
790 218 816 269 s.
839 213 1034 281 [cucur]

192 367 223 426 in
244 363 433 441 provinciam
454 363 499 422 ire
519 367 689 438 oporteret,
711 367 742 420 et
761 358 873 420 tribuni
893 359 1021 420 militum
1040 359 1171 434 legionis

193 449 309 526 primae
330 455 360 508 et
381 445 498 520 tertiae,
524 453 557 508 ut
575 445 596 505 ii
617 459 724 505 omnes
744 442 940 503 Brundisium
959 443 1061 503 idihus
1083 443 1171 504 Maiis

193 531 400 594 convenirent.
428 530 497 604 ipse
517 535 588 592 ante
608 529 688 588 diem
705 528 842 602 quintum
858 542 956 586 nonas
971 525 1070 587 Maias
1086 527 1171 602 palu-

192 617 283 678 datus
297 614 374 675 ruhe
388 629 536 690 egressus
551 620 608 674 est.
630 627 686 688 per
699 612 826 672 eosdem
838 611 905 672 dies
920 617 950 672 et
964 617 1127 686 praetores
1143 612 1171 670 in

192 697 369 775 provincias
385 697 514 772 proiecti
528 704 608 758 sunt.

276 781 328 842 lv.
362 779 425 840 Sub
446 777 528 841 idem
549 786 670 855 tempus
691 784 722 837 et
741 777 832 852 legati
847 777 885 838 ah
900 777 1021 840 duobus
1036 777 1171 853 regibus,

191 863 332 940 Philippo
347 865 545 926 Macedoniae
557 870 587 925 et
598 862 770 924 Ptolemaeo
783 861 919 940 Aegypti
933 877 1022 937 rege,
1042 862 1171 922 Romam

194 954 357 1022 venerunt,
383 948 564 1023 pollicentes
585 946 625 1007 ad
645 945 758 1006 bellum
777 945 892 1006 auxilia
911 952 943 1006 et
962 946 1128 1020 pecuniam
1145 953 1173 1005 et

192 1033 384 1094 trumentum.
407 1030 446 1092 ab
459 1029 634 1092 Ptolemaeo
649 1029 739 1090 etiam
752 1028 834 1088 mille
849 1029 953 1105 pondo
967 1030 1048 1102 auri,
1066 1027 1172 1104 viginti

192 1115 273 1176 milia
288 1115 393 1190 pondo
408 1114 525 1190 argenti
539 1113 649 1174 adlata.
678 1111 752 1172 nihil
770 1111 838 1174 eius
859 1119 1033 1188 acceptum:
1055 1113 1172 1188 gratiam

191 1199 316 1274 regibus
333 1206 429 1260 actae.
459 1205 573 1260 etcum
593 1204 722 1273 uterque
736 1212 770 1257 se
785 1211 854 1257 cum
869 1196 1011 1258 omnibus
1026 1197 1128 1272 copiis
1143 1197 1171 1255 in

191 1284 343 1344 Aetoliam
374 1287 533 1342 venturum
561 1281 706 1356 belloque
730 1279 941 1342 interfuturum
965 1281 1171 1356 polliceretur,

192 1364 365 1427 Ptolemaeo
380 1366 411 1426 id
425 1365 605 1434 remissum;
624 1364 755 1440 Philippi
775 1365 883 1439 legatis
901 1380 1088 1440 responsum
1102 1379 1171 1437 gra·

192 1459 255 1510 tum
266 1465 336 1510 eum
347 1449 466 1510 senatui
477 1451 657 1524 populoque
667 1449 805 1508 Romano
818 1450 981 1520 iacturum,
997 1448 1025 1508 si
1036 1447 1087 1506 Μ’.
1099 1448 1170 1507 Aci·

192 1534 232 1593 lio
254 1532 373 1593 consuli
393 1548 455 1593 non
476 1532 636 1592 defuisset.
669 1533 741 1592 item
760 1531 799 1592 ab
820 1530 1121 1607 Carthaginiensibus
1143 1539 1171 1590 et

192 1615 357 1676 Masinissa
379 1630 453 1690 rege
480 1615 572 1690 legati
597 1623 751 1676 venerunt.
788 1614 1056 1691 carthaginienses
1081 1614 1170 1675 tritici

193 1699 326 1759 modium
341 1705 502 1770 sexcenta,
525 1698 632 1762 hordei
654 1698 820 1774 quingenta
839 1699 922 1760 milia
935 1699 975 1759 ad
992 1699 1168 1769 exercitum,

193 1783 349 1844 dimidium
369 1783 436 1842 eius
450 1783 578 1843 Romam
598 1789 815 1859 apportaturos
835 1783 961 1858 polliciti
983 1789 1071 1843 suut:
1093 1783 1124 1842 id
1140 1790 1168 1842 ut

192 1865 231 1927 ab
247 1881 282 1927 se
295 1883 407 1928 munus
421 1868 549 1928 Romani
564 1868 753 1943 acciperent,
769 1873 875 1942 petere
889 1882 969 1928 sese.
992 1873 1023 1926 et
1038 1867 1167 1926 classem

193 1956 342 2024 [suorum]
359 1967 416 2013 suo
429 1958 554 2026 sumptu
565 1957 810 2028 comparaturos;
834 1958 864 2011 et
874 1951 1069 2027 stipendium,
1086 1950 1167 2025 quod

192 2133 282 2178 omne
297 2119 433 2179 daturos.
453 2117 637 2178 Masinissae
651 2119 741 2194 legati
757 2119 924 2194 quingenta
938 2118 1019 2178 milia
1034 2118 1168 2179 modium

193 2034 331 2110 pluribus
347 2034 548 2111 pensionibus
564 2034 593 2093 in
608 2037 720 2096 multos
731 2051 830 2095 annos
843 2035 1004 2106 deberent,
1020 2049 1168 2110 praesens
1228 2063 1229 2066 ¹

191 2201 293 2273 tritici,
310 2207 444 2261 trecenta
458 2201 566 2262 hordei
577 2203 617 2262 ad
628 2204 796 2264 exercitum
810 2203 840 2262 in
853 2202 1026 2276 Graeciam,
1041 2201 1166 2262 Romam
1227 2267 1228 2272 ἵ

192 2291 326 2344 trecenta
339 2283 422 2344 milia
435 2285 570 2346 modium
585 2285 689 2360 tritici,
712 2287 844 2346 ducenta
863 2285 1085 2362 quinquaginta
1100 2285 1182 2346 hor-¹

191 2367 258 2436 dei;
280 2367 398 2443 equites
414 2367 614 2444 quingentos,
630 2369 810 2445 elephantos
825 2370 930 2445 viginti
944 2385 1050 2444 regem
1064 2370 1105 2430 ad
1119 2369 1167 2427 Μ’.

190 2451 321 2512 Acilium
343 2453 500 2513 consulem
521 2453 695 2515 missurum.
727 2455 766 2514 de
792 2455 941 2514 frumento
963 2453 1104 2529 utrisque
1123 2469 1167 2512 re·

191 2552 355 2610 sponsum,
370 2535 412 2597 ita
426 2553 554 2598 usumm
569 2553 606 2598 eo
623 2539 771 2613 populum
784 2538 969 2610 Romanum,
990 2537 1018 2598 si
1040 2538 1167 2612 pretium

191 2620 373 2695 acciperent.
397 2621 436 2682 de
451 2623 552 2682 classe
567 2621 865 2697 carthaginiensibus
879 2622 1059 2696 remissum,
1081 2636 1166 2697 prae-

190 2710 329 2778 terquam
344 2705 371 2763 si
387 2705 461 2779 quid
477 2705 599 2765 navium
614 2721 653 2764 ex
671 2706 796 2766 loedere
809 2705 964 2767 deberent.
987 2704 1026 2765 de
1039 2705 1166 2780 pecunia

189 2785 261 2845 item
274 2802 474 2861 responsum,
490 2789 601 2848 nullam
616 2797 686 2850 ante
701 2791 781 2851 diem
795 2798 989 2866 accepturos.

273 2869 311 2926 V.
336 2869 410 2930 Cum
420 2869 497 2930 haec
508 2871 624 2932 Romae
635 2874 817 2949 agebantur,
834 2873 976 2934 Chalcide
986 2872 1165 2944 Antiochus,

190 2965 228 3009 ne
244 2960 381 3013 cessaret
395 2968 450 3028 per
464 2953 659 3016 hibernorum
680 2963 816 3032 tempus,
840 2958 949 3032 partim
970 2958 1040 3032 ipse
1056 2955 1164 3020 sollici·

189 3032 272 3095 tabat
286 3033 451 3097 civitatium
465 3038 582 3099 animos
598 3039 750 3102 mittendis
765 3041 888 3116 legatis,
910 3041 1020 3116 partim
1034 3042 1115 3100 ultro
1129 3039 1165 3098 ad

189 3134 259 3178 eum
273 3119 450 3194 veniebant,
472 3121 552 3183 sicut
564 3123 708 3199 Epirotae
723 3125 875 3186 communi
895 3125 994 3200 gentis
1010 3139 1165 3185 consensu

189 3209 219 3262 et
232 3203 297 3263 Elei
313 3219 330 3263 e
344 3202 559 3281 Peloponneso
580 3216 737 3268 venerunt.
767 3208 833 3267 Elei
853 3207 999 3268 auxilium
1014 3208 1164 3273 adversus

189 3287 331 3348 Achaeos
347 3289 504 3363 petebant,
522 3308 601 3366 quos
616 3291 811 3366 postbellum
823 3308 883 3352 non
897 3307 936 3351 ex
948 3289 1166 3352 suasententia

190 3369 334 3430 indictum
354 3372 507 3432 Antiocho
530 3374 658 3448 primum
684 3374 796 3436 civitati
821 3391 897 3436 suae
921 3391 1007 3436 arma
1030 3375 1164 3435 illaturos

190 3451 362 3513 credebant.
392 3456 472 3514 mille
493 3456 530 3514 iis
552 3457 670 3530 pedites
690 3475 758 3518 cum
774 3459 852 3519 duce
868 3459 1003 3519 Cretensi
1017 3459 1166 3527 Euphane
