2482 3902
182 216 245 281 tre
341 213 604 276 treeexxxrv.
627 211 1008 290 reuertentem]

178 368 297 431 turdum
312 363 403 427 etiarn
417 371 534 426 trucem
547 377 621 424 esse
637 362 753 424 seimus
767 377 887 438 omnes,
902 378 972 424 eurn
986 361 1110 439 ingenie
1121 363 1164 426 sit

178 450 270 514 mitis.
311 462 382 510 nem
396 446 472 524 quid
485 446 609 508 tendent
624 445 698 508 novi
719 453 877 508 matronae
898 447 1054 522 feserunt,
1076 445 1163 524 quod

178 537 356 612 trequentes
371 531 402 592 in
417 547 512 593 cause
527 531 617 591 adse
631 527 806 608 pertinente
820 530 851 590 in
865 528 1022 606 publicum
1032 547 1163 608 proees-

177 626 303 682 serunt?
331 631 498 692 numquam
519 621 592 678 ente
605 614 666 677 hee
681 622 804 692 tempus
819 613 850 675 in
865 613 991 690 pubtiee
1001 631 1163 692 epperue-

176 710 268 766 runtt
280 711 350 764 tues
365 701 518 762 adversus
533 707 563 760 te
578 697 719 776 Origines
740 700 909 760 revolvam.
951 697 1062 776 eeeipe
1084 715 1163 776 que-

176 783 257 850 tiens
271 786 304 848 id
319 783 458 859 iecerint,
473 790 505 845 et
519 782 644 860 quidem
658 799 781 860 semper
796 784 879 845 bone
892 781 1032 861 publium·
1064 782 1128 844 iern
1144 802 1164 846 a

176 869 345 950 principie,
370 875 518 946 regnante
538 868 685 940 Remulo,
712 885 782 930 eum
803 866 954 944 capiterio
974 868 1016 948 eh
1035 867 1163 930 Sabinis

176 962 267 1032 eapte
283 952 385 1016 medie
400 953 431 1014 in
448 954 515 1014 tero
531 951 629 1028 signis
645 951 765 1014 eoitetis
778 951 983 1027 dimicaretur,
997 969 1102 1014 nenne
1116 954 1163 1014 in·

176 1048 317 1106 tereursu
336 1045 544 1100 murenarum
562 1035 643 1098 inter
661 1035 745 1098 eeies
761 1036 839 1097 dues
854 1036 1005 1112 proelium
1020 1037 1163 1100 sedatum

178 1130 248 1186 est!
272 1121 369 1200 quidt
393 1121 519 1198 regibus
540 1119 659 1182 exertis
680 1136 750 1182 eum
771 1119 933 1182 eoriorano
948 1119 1064 1182 Marcie
1080 1121 1161 1188 duee

178 1207 317 1285 legiones
337 1207 524 1268 Votseorum
543 1215 646 1266 eestra
667 1205 708 1266 ed
728 1204 867 1281 quintum
889 1203 1021 1281 lapidem
1035 1205 1163 1281 posuis-

178 1300 255 1368 sent,
271 1308 374 1354 nenne
388 1290 420 1352 id
430 1299 550 1367 agmen,
565 1306 630 1366 que
646 1289 843 1352 obruteheee
855 1289 928 1350 urbs
937 1297 1034 1364 esset,
1049 1298 1162 1352 metre-

177 1393 236 1438 nue
256 1383 451 1437 everterunt?
473 1375 533 1435 tam
554 1373 631 1434 urbe
652 1381 774 1449 neptun
790 1370 899 1448 Geltis,
926 1373 1162 1452 quoredempta

95 1485 100 1496 ·
177 1462 252 1523 urbs
277 1465 346 1522 estt
369 1475 479 1534 nempe
500 1473 608 1518 eurum
628 1464 786 1518 matronae
804 1473 961 1518 censensu
981 1457 1117 1520 emnium
1131 1458 1162 1519 in

177 1543 333 1622 pubiicum
348 1543 551 1604 contulerunt
595 1540 737 1616 proxime
752 1541 851 1616 belle,
877 1557 916 1604 ne
931 1541 1057 1619 antique
1071 1559 1162 1619 repe-

177 1638 247 1702 tern,
263 1642 366 1688 norme
381 1634 412 1686 et
426 1641 495 1686 curn
509 1623 644 1702 pecunie
653 1639 736 1700 epus
753 1623 816 1698 suit,
833 1625 994 1687 viduarum
1009 1627 1163 1704 pecuniae

176 1711 359 1774 ediuverunt
381 1708 548 1782 aerarium,
571 1717 602 1773 et
620 1725 692 1771 eum
714 1707 765 1770 dei
785 1727 912 1786 queque
926 1711 1054 1772 novied
1068 1727 1163 1788 opem

177 1794 334 1857 terendum
349 1793 451 1854 dubiis
465 1794 559 1856 rebus
573 1801 814 1872 arcesserentur,
828 1803 985 1856 nretronee
997 1794 1163 1856 universae

176 1881 314 1941 adnuere
330 1879 490 1956 preteetee
506 1887 577 1940 sunt
594 1879 633 1939 ed
648 1887 775 1940 matrem
786 1879 911 1940 Idaeam
922 1877 1163 1957 eeeipiendem‘t

177 1963 351 2036 dissimiles,
368 1962 482 2040 inquis,
497 1979 611 2025 eeusee
627 1970 707 2024 sunt.
735 1979 793 2024 nee
808 1962 882 2023 mihi
891 1979 1009 2026 veeuses
1024 1980 1162 2040 aequare

98 2106 100 2114 ,
177 2047 371 2126 propesitum
382 2055 447 2109 est:
462 2046 536 2108 nihii
550 2044 624 2109 novi
639 2048 752 2109 teetum
764 2061 897 2123 purgare
911 2047 1057 2110 setisest
1077 2057 1162 2110 eete

175 2151 242 2194 rurn
255 2133 339 2210 quod
350 2129 382 2192 in
393 2133 486 2194 rebus
497 2133 537 2192 ed
547 2129 649 2194 emnis
662 2131 777 2208 puriter
788 2130 874 2194 vires
886 2131 1079 2209 feminasque
1090 2149 1163 2210 per-

177 2217 343 2280 tinentibus
359 2214 472 2278 fecisse
486 2232 542 2277 ees
556 2231 647 2278 nemo
663 2215 790 2280 miratus
800 2224 862 2288 eet,
879 2215 910 2276 in
924 2231 1020 2278 eeuse
1034 2216 1164 2294 proprie

177 2301 216 2361 ad
224 2301 312 2377 ipses
322 2299 493 2377 pertinente
501 2299 646 2362 miramur
656 2297 1164 2376 fecissetquidautemteeeruntt

178 2384 344 2462 superbas,
355 2399 404 2447 me
417 2383 489 2448 dius
504 2383 612 2460 fidius,
627 2401 720 2448 eures
735 2385 900 2458 hebemus,
910 2385 945 2446 si
960 2401 1030 2446 eum
1042 2385 1165 2447 demini

177 2485 337 2532 servorum
352 2486 414 2532 nen
434 2467 592 2532 suetidient
605 2485 735 2546 precer,
758 2487 816 2531 nes
838 2469 940 2547 regeri
960 2471 998 2530 eb
1019 2469 1164 2532 honestis

177 2553 297 2616 reminis
312 2553 515 2631 indignemur
546 2554 599 2615 vl.
614 2552 705 2616 venio
721 2569 802 2616 nune
817 2553 903 2616 adid
918 2555 958 2616 de
973 2570 1035 2631 que
1048 2553 1163 2632 egitur.

175 2637 206 2699 in
227 2657 289 2716 quo
310 2639 426 2716 dupierr
447 2637 585 2701 densetis
600 2637 698 2700 eretie
721 2637 792 2700 tuit:
816 2653 888 2698 nem
903 2645 935 2700 et
954 2639 1053 2716 lepern
1067 2639 1164 2700 ullam

172 2721 301 2784 ‚omnino
316 2721 460 2798 abnegari
475 2729 523 2784 est
536 2721 722 2798 indignatus,
738 2729 768 2783 et
783 2739 852 2784 eem
867 2721 1036 2799 praecipue
1050 2725 1164 2801 ifflem,

175 2821 255 2880 quae
270 2805 410 2866 luxuriae
423 2803 585 2868 muliebris
602 2807 795 2866 ueereendee
808 2823 904 2870 eeuse
919 2808 980 2868 tete
994 2817 1090 2870 esset.
1132 2818 1165 2871 et

174 2885 226 2948 iile
246 2887 417 2950 eommunis
439 2903 496 2964 pre
519 2888 640 2963 tegibus
661 2887 729 2950 vise
744 2891 916 2952 eonsuluris
932 2890 1112 2966 oretis-est,
1134 2901 1165 2954 et

176 2967 251 3032 duee
265 2972 418 3034 aduersus
436 2971 589 3034 luxurium
611 2973 818 3036 severissimis
839 2975 978 3040 moribus
993 2976 1165 3038 eonvenie-

172 3055 234 3118 bet.
269 3055 374 3133 ireque
387 3054 559 3132 perieuium
579 3065 651 3132 eet,
673 3056 734 3118 nisi
754 3057 829 3135 quid
846 3058 877 3119 irr
889 3068 1024 3137 *emaque
1036 3077 1074 3122 re
1090 3060 1165 3122 veni

174 3139 213 3203 sit
227 3138 433 3215 docuerimus,
448 3158 488 3203 ne
504 3140 676 3218 quieerrer
690 3142 781 3204 vebis
793 3143 980 3206 effundetur.
1001 3144 1164 3221 eguerim

173 3225 460 3304 quemadmodum
473 3241 516 3288 ex
532 3225 573 3288 iis
584 3225 725 3303 iegibus,
748 3243 828 3304 quee
843 3245 905 3290 nnn
919 3228 951 3290 in
962 3237 1093 3306 tempus
1108 3228 1164 3291 nii-

171 3311 258 3387 quod
267 3310 326 3374 sed
336 3317 505 3388 perpetuae
516 3307 653 3372 utilitatis
665 3325 761 3374 eausa
774 3309 806 3373 in
818 3321 976 3374 ueternum
989 3313 1069 3376 lutee
1078 3323 1164 3388 sunt,

171 3396 285 3456 nullam
299 3394 440 3472 abrogari
456 3395 570 3457 debere
580 3395 699 3471 teteer,
718 3394 780 3458 nisi
804 3413 897 3474 quem
908 3405 965 3460 eut
978 3413 1058 3461 usus
1074 3413 1164 3460 cear-

171 3476 243 3552 guit,
256 3488 308 3541 eut
319 3487 417 3541 steurs
426 3478 541 3561 uliquis
556 3479 600 3541 rei
612 3479 756 3557 pubtieee
767 3478 908 3543 inutilem
917 3479 1005 3558 tecit,
1020 3480 1067 3544 sie
1083 3499 1166 3560 ques
