2506 3898
173 164 238 230 aaa
301 165 590 228 nmanxxxvnr.
613 164 696 226 cla.
711 157 812 228 caan
834 169 1031 238 [auem]

172 319 281 380 vinciis
296 319 478 394 tranquillae
490 333 541 381 ros
556 317 687 380 toemnc
718 331 865 386 censores
880 316 997 376 Romae
1010 317 1043 376 T.
1058 313 1158 390 Quin·

172 402 250 467 etius
264 401 451 467 Flamininus
466 409 497 464 at
508 401 549 466 Μ.
562 399 707 462 claudius
720 398 884 464 Marcellus
898 408 1038 461 senatum
1053 402 1158 476 perte

171 493 290 562 gerunt
320 485 465 562 princeps
486 485 516 545 in
532 491 642 546 senatu
656 482 777 548 tertium
790 485 890 550 lectus
902 481 935 546 Ρ.
950 483 1058 560 Scipio
1071 485 1158 548 Atri-

172 587 278 638 maus.
314 575 457 645 quatuor
478 567 537 630 soli
557 567 712 644 praeteriti
731 574 818 639 suut,
844 583 936 628 nemo
956 569 1056 632 curuli
1074 585 1159 630 rusus

171 654 298 722 honora.
315 659 347 714 at
356 652 386 714 in
398 651 534 727 equitatu
544 651 738 714 recensendo
750 650 832 716 mitis
842 651 1013 716 admodum
1021 665 1161 716 censura

170 737 234 800 luit.
269 735 526 804 substructionem
547 751 642 811 super
655 733 900 810 Aequimaelium
914 736 943 798 in
959 733 1114 810 Capitolio
1130 742 1163 796 et

169 820 251 886 viam
270 819 357 882 silice
371 819 567 882 stamendam
581 835 601 882 a
614 825 704 894 porta
719 819 841 896 capena
855 819 895 882 ad
908 818 1015 884 uerus
1030 819 1161 882 locave-

168 911 248 970 runt
282 903 441 978 campani,
463 902 516 966 ubi
529 911 740 978 conserentur,
762 911 901 972 senatum
915 903 1161 970 consulueruot=

169 987 325 1054 decretum
339 988 382 1052 uti
393 988 511 1056 Romae
525 993 732 1050 censerentur.
753 1001 855 1062 aquae
867 987 1008 1062 ingentes
1020 1001 1061 1048 eo
1071 1002 1160 1052 anno

169 1073 307 1142 lueruntc
331 1071 449 1139 Tiberis
470 1069 659 1136 duodeciens
680 1086 822 1147 campum
836 1069 976 1139 uatum
998 1071 1161 1148 planaque

168 1155 255 1218 urbis
269 1156 436 1224 inundavit

254 1240 304 1304 Ab
319 1240 371 1300 cn.
385 1238 500 1302 Manlio
515 1241 643 1304 consule
657 1239 737 1306 bello
753 1236 783 1298 in
798 1237 875 1301 Asia
889 1253 957 1304 curn
973 1237 1069 1302 Gallis
1086 1253 1160 1316 per-

170 1326 260 1401 lecto,
273 1326 348 1388 alter
360 1325 469 1390 consul
480 1323 651 1394 M.Futvius
662 1321 843 1400 perdomitis
850 1320 969 1388 Aetatis
982 1337 1054 1385 cum
1064 1322 1159 1388 traie

170 1407 265 1470 disset
281 1409 310 1469 in
327 1405 567 1482 Cephalleniam,
588 1407 671 1468 circa
693 1404 832 1467 civitates
852 1403 972 1466 insulae
986 1405 1070 1470 misit
1084 1421 1158 1482 per·

170 1499 359 1564 cunctatum,
381 1497 481 1552 utrum
503 1505 540 1550 sc
560 1490 675 1555 dedere
689 1486 838 1552 Romanis
857 1505 897 1550 an
911 1487 984 1554 beiti
999 1489 1159 1556 fortunam

168 1574 302 1650 experiri
324 1573 455 1642 mallent.
488 1581 588 1636 metus
603 1573 643 1638 ad
658 1589 767 1636 omnes
781 1571 889 1647 valuit,
910 1589 949 1634 ne
964 1572 1159 1636 deditionem

167 1665 356 1721 recusarent.
379 1655 507 1728 obsides
517 1655 590 1728 inde
601 1655 769 1734 imperatos
780 1674 837 1733 pro
849 1656 966 1726 viribus
979 1655 1087 1733 inopis
1099 1674 1158 1734 po·

169 1739 234 1815 puli
250 1739 378 1810 vicenos
392 1739 537 1806 dissidiae
552 1739 652 1802 Cranii
666 1749 699 1804 et
710 1741 859 1805 Palenses
874 1749 905 1804 et
919 1739 1043 1808 Samaei
1058 1741 1156 1810 dede·

166 1833 248 1892 runt„
270 1821 429 1901 insperata
443 1841 505 1902 pax
519 1824 733 1901 Cephallaniae
748 1825 924 1899 adfulserat,
941 1841 1011 1888 cum
1023 1833 1157 1904 repente

166 1925 228 1970 tina
244 1906 370 1983 civitas,
389 1907 539 1978 incertum
556 1909 702 1985 quamob
718 1924 857 1983 oausam,
873 1906 997 1977 Samaei
1010 1908 1155 1978 descire

166 2000 246 2060 runt
273 1992 345 2069 quta
360 2001 536 2070 opportuno
551 1993 621 2059 ioco
636 1993 710 2060 urbs
726 1991 828 2069 posita
842 2001 941 2068 esset,
962 1992 1106 2057 timuisse
1118 2009 1156 2054 sc

128 2157 132 2164 ι
167 2075 305 2149 aiebant,
327 2093 367 2140 nc
381 2075 552 2152 caninae
571 2085 756 2152 cogerentur
769 2077 809 2140 ab
822 2075 980 2144 Romanis.
1014 2085 1155 2146 cetorum

165 2157 269 2234 ipsine
289 2159 349 2228 sibi
373 2176 443 2220 eum
463 2159 608 2228 tinxerim
621 2167 734 2228 nemum
749 2169 780 2222 et
793 2159 901 2224 tinore
917 2177 996 2230 roano
1013 2159 1156 2237 quietum

167 2241 369 2310 excitaverint
388 2243 516 2317 malum,
536 2259 575 2310 an
590 2241 703 2312 iactata
716 2245 911 2312 sermonibus
924 2260 977 2308 res
989 2245 1075 2326 apud
1091 2245 1154 2314 lto-

166 2341 276 2390 raanos
296 2326 413 2401 perlata
433 2327 473 2394 ad
494 2343 550 2388 eos
571 2325 626 2400 sit,
648 2327 722 2390 nihil
743 2327 893 2406 comperti
907 2335 969 2401 est,
989 2327 1053 2392 nisi
1066 2329 1154 2405 quod

166 2408 246 2472 datis
261 2407 321 2479 iam
336 2407 497 2475 obsidibus
512 2420 640 2488 repente
655 2419 761 2489 portas
775 2415 959 2484 clauserunt„
975 2421 1007 2476 et
1019 2429 1061 2475 ne
1077 2429 1154 2476 sun-

166 2511 232 2557 rum
254 2493 379 2571 quidem
400 2495 545 2571 precibus
556 2531 599 2550 -ψ
610 2496 736 2561 miserat
750 2495 831 2561 enim
846 2497 905 2559 sub
919 2512 1025 2561 muros
1040 2497 1152 2560 consul

165 2579 427 2654 ademptantur
447 2579 690 2652 misericordiam
704 2580 876 2657 parentium
890 2580 1152 2660 populariumque

164 2695 208 2708 -
223 2662 374 2732 desistere
402 2664 441 2732 ab
466 2661 590 2741 incepto
616 2665 787 2734 voluerunt.
824 2664 1000 2745 oppugnari
1025 2665 1150 2736 deinde,

165 2754 332 2822 postquam
356 2745 431 2809 nihil
456 2747 557 2824 pacati
576 2749 839 2825 respondebatur,
865 2757 976 2829 coepta
996 2748 1072 2816 urbs
1094 2755 1151 2813 est.

164 2837 347 2918 apparatum
372 2845 493 2896 omnem
515 2839 734 2902 tormentorum
755 2831 1027 2908 machinarumque
1049 2840 1149 2897 traue-

165 2914 299 2984 ctum-nb
310 2911 493 2984 Ambraciae
504 2915 736 2992 oppugnatione
749 2916 896 2988 habebas
919 2922 950 2981 et
960 2932 1059 2991 opera
1069 2931 1150 2994 quac

165 2996 306 3068 facienda
320 3005 415 3071 orant,
430 2995 561 3074 impigre
574 2997 685 3065 milites
697 3002 902 3077 perfecerunt.
925 3001 1048 3068 duobus
1060 2999 1151 3079 igitur

164 3080 241 3146 locis
256 3079 370 3147 admoti
384 3079 497 3148 arietes
514 3082 691 3160 quatiebant
705 3100 820 3150 muros.
845 3085 951 3148 XXIX.
965 3101 1024 3152 nec
1038 3084 1078 3144 ab
1094 3083 1149 3146 Sa-

165 3164 261 3230 rnaeis
284 3165 450 3241 quicquam
470 3183 531 3242 quo
554 3175 607 3230 aut
627 3185 723 3246 opera
742 3177 796 3235 aut
811 3169 910 3236 bostis
924 3167 1022 3236 arceri
1037 3167 1148 3248 possit,

165 3249 415 3323 praetermissum
440 3259 497 3322 cst
533 3253 654 3324 duabus
678 3261 779 3322 umen
804 3253 937 3318 maxime
961 3251 1148 3318 resistebant

163 3332 270 3406 rebus,
292 3350 370 3409 una,
392 3334 565 3398 interiorem
585 3353 709 3414 semper
723 3338 808 3400 iuxta
822 3337 956 3404 validum
972 3351 1029 3412 pro
1045 3335 1146 3397 diruto

164 3429 277 3474 novum
298 3417 492 3482 obstruentes
512 3437 646 3497 murum,
668 3421 778 3495 altera,
799 3419 1013 3499 eruptionibus
1034 3415 1146 3480 subitis
