2506 3898
212 200 276 264 368
353 199 468 260 LIBER
481 199 642 259 XXXVIII.
666 200 748 258 CAP.
764 208 807 260 ba.
818 209 863 262 b&
885 206 922 272 [ι.
936 205 970 258 lt.
984 223 1008 260 c.
1020 207 1089 275 565]

213 357 296 416 tisun.
324 353 376 414 ubi
392 353 458 412 dies
474 351 557 414 venit
569 350 717 427 citarique
731 351 845 413 absens
860 359 908 414 est
922 361 1061 429 coeptus,
1077 353 1116 416 L.
1134 354 1195 416 Soi-

213 439 265 515 pio
285 437 425 498 morbum
445 451 559 496 causae
578 451 650 495 esse
670 451 724 494 cur
744 436 869 498 abesset
884 437 1063 499 excusabat.
1104 456 1194 514 quam

213 521 444 582 excusationem
459 535 526 579 eum
541 519 661 590 tribuni,
678 518 730 594 qui
742 519 821 580 dem
834 517 983 596 dixerant,
998 537 1061 582 non
1071 523 1195 598 accipe·

212 613 293 676 rent,
316 612 346 664 et
360 603 399 663 eb
413 604 521 664 eadem
536 602 683 676 superbie
696 618 758 663 non
773 603 878 666 vceIre
892 603 934 667 cd
947 619 1074 667 causam
1092 606 1194 668 dicen-

212 689 283 750 dam
299 694 469 762 arguerent,
486 702 547 760 qua
560 685 706 746 iudicium
720 692 751 746 et
763 686 902 748 tribunos
917 688 1017 762 plebis
1033 696 1064 749 et
1074 692 1194 756 centio-

213 789 282 832 nem
303 771 494 844 reliquisset,
514 776 545 830 ct
560 771 670 844 qulbus
688 771 736 830 ius
752 773 920 834 senteudac
935 773 975 832 de
989 787 1025 836 se
1039 773 1195 838 dicendae

214 863 244 916 et
258 855 425 914 libertatem
446 853 626 927 ademisset,
645 852 694 914 his
710 855 887 928 comitatus,
907 857 992 917 velut
1006 863 1122 933 captos
1138 865 1194 918 lra-

211 937 303 1013 bens,
324 937 509 1012 triumphum
529 937 569 996 de
590 939 706 1013 populo
726 939 865 1002 Romano
881 940 1009 1014 egisset,
1035 943 1193 1006 secessio-

210 1037 343 1098 nemque
357 1037 395 1082 eo
410 1021 460 1081 dle
474 1021 505 1080 ln
520 1020 699 1096 Capitolium
712 1039 732 1082 a
745 1021 874 1084 tribunis
889 1023 988 1097 plebis
1004 1024 1139 1090 lecisset
1153 1058 1191 1070 -

211 1105 351 1180 „bebetis
372 1119 446 1180 ergo
467 1107 643 1166 temeritatis
664 1106 744 1167 illius
763 1106 944 1168 mercedem.
978 1121 1041 1181 quo
1063 1109 1149 1168 duce
1168 1117 1191 1165 ot

211 1197 337 1252 auctore
352 1205 410 1250 uos
425 1189 607 1264 reliquistis,
629 1191 667 1248 nb
681 1205 718 1250 eo
733 1189 793 1264 ipsi
807 1189 903 1250 relicti
915 1191 1006 1262 estis3
1030 1197 1062 1252 ct
1075 1197 1190 1252 tantum

210 1273 378 1334 animorum
392 1274 423 1334 in
437 1273 505 1333 dies
520 1273 609 1333 nobis
623 1271 782 1346 decrescit,
797 1272 884 1334 ulad
899 1287 989 1347 quem
1004 1280 1076 1334 ante
1092 1289 1189 1334 annos

209 1358 443 1432 septemdecim,
467 1358 633 1416 exercitum
653 1362 685 1416 et
696 1357 829 1416 classem
849 1355 1026 1430 habentem,
1048 1356 1188 1420 tribunos

210 1440 309 1515 plebis
335 1441 528 1514 aedilemque
552 1439 669 1498 mlttere
687 1437 719 1498 iu
740 1438 873 1500 Siciliam
897 1439 965 1500 ausi
985 1455 1115 1514 sumus,
1141 1443 1188 1516 qul

209 1525 395 1599 prenderent
412 1537 481 1582 eum
496 1529 526 1581 et
539 1521 665 1582 Romam
682 1521 878 1596 reducerent,
899 1522 940 1582 ed
950 1537 1022 1582 eum
1035 1525 1189 1598 privatum

209 1622 248 1666 ex
269 1607 341 1666 villa
362 1620 419 1666 sua
443 1603 662 1665 extrahendum
683 1605 723 1663 ad
742 1620 866 1670 causam
888 1603 1049 1666 dicendam
1070 1607 1190 1669 mittere

209 1693 277 1750 non'
286 1688 477 1749 audeamus“
489 1715 531 1730 -
541 1687 652 1748 tribuni
668 1686 767 1763 plebis
781 1689 927 1764 appellati
940 1689 979 1750 ab
993 1689 1026 1754 L.
1040 1688 1189 1766 Scipione

209 1773 251 1834 ita
265 1773 481 1846 decreverunt,
497 1771 524 1831 si
537 1771 635 1833 morbi
650 1788 744 1832 cause
758 1778 970 1845 excusaretur,
987 1769 1047 1833 sibi
1061 1776 1187 1849 placere

210 1857 309 1932 accipi
324 1870 391 1916 eam
407 1870 532 1918 causam
549 1855 691 1932 diemque
706 1871 726 1915 a
740 1857 866 1930 collegis
883 1856 1009 1935 prodici.
1044 1857 1187 1918 tribunus

209 1940 309 2016 plebis
330 1955 368 2000 eo
382 1946 520 2014 tempore
532 1939 575 1998 tl.
591 1937 790 2014 Sempronius
805 1938 962 2000 Gracchus
976 1940 1048 2016 erat,
1067 1941 1118 2002 cui
1133 1942 1189 2000 ini-

209 2023 341 2084 micitiae
356 2039 426 2083 cum
439 2023 471 2081 P.
486 2021 631 2097 Scipione
644 2021 882 2084 intercedebant.
914 2024 940 2082 is
956 2039 1022 2084 cum
1037 2024 1188 2084 vetuisset

210 2122 321 2167 nomen
342 2121 433 2166 suum
448 2106 571 2164 decreto
587 2107 772 2179 collegarum
788 2107 936 2180 adscribi,
958 2106 1185 2182 tristioremque

209 2203 316 2250 omnes
331 2186 512 2247 sententiam
525 2193 757 2264 exspectarent,
772 2189 813 2250 ita
829 2189 973 2264 decrevit,
989 2206 1055 2250 cum
1067 2189 1100 2251 L.
1117 2189 1179 2248 Scl-

209 2271 259 2347 pio
281 2277 464 2332 excusasset
483 2271 622 2332 morbum
642 2287 713 2333 esse
734 2288 847 2334 causae
869 2275 968 2348 fratri,
989 2273 1063 2336 satis
1077 2271 1108 2332 id
1122 2271 1181 2332 sibi
1211 2321 1212 2332 ι

209 2355 315 2417 videm
342 2370 377 2416 se
389 2354 422 2414 P.
439 2353 627 2432 Scipionem,
644 2357 824 2432 priusquam
837 2358 965 2418 Romam
978 2357 1119 2430 redisset,
1134 2372 1180 2417 ac·

210 2442 311 2501 cusari
325 2455 387 2502 nou
401 2457 574 2517 passurum.
595 2447 659 2501 tum
674 2457 807 2516 quoque,
823 2441 850 2500 si
864 2457 899 2502 se
915 2441 1055 2516 appeller,
1071 2438 1181 2502 auxilio
1211 2441 1212 2480 l

209 2525 237 2584 ci
252 2525 394 2598 littorum,
408 2539 448 2586 ne
462 2540 587 2586 causam
601 2524 691 2586 dicet.
714 2525 753 2585 ad
767 2524 798 2586 id
810 2524 963 2598 fastigium
972 2525 1066 2586 rebus
1076 2523 1180 2600 gestis,

209 2608 379 2670 honoribus
390 2609 495 2684 populi
506 2609 634 2670 Rormnl
644 2608 676 2668 P.
690 2607 864 2684 Scipionem
877 2607 1004 2672 deorum
1014 2607 1181 2671 hominum-

210 2707 270 2767 que
292 2707 446 2754 consensu
465 2693 660 2768 pervenisse,
680 2699 713 2753 ut
733 2693 790 2754 sub
805 2693 925 2754 Rostris
944 2707 1032 2754 reum
1051 2697 1134 2752 stare
1155 2699 1182 2750 et

209 2776 358 2850 praebere
379 2791 470 2836 eures
492 2777 731 2836 adolescentibus
751 2775 899 2840 conviciis
913 2778 1029 2854 populo
1045 2776 1179 2841 Romano

209 2857 306 2931 magis
326 2859 463 2918 deforme
484 2875 574 2931 quam
588 2857 648 2932 ipsi
662 2857 710 2918 sit.
736 2859 809 2920 Llll.
838 2860 948 2922 adiecit
969 2860 1091 2921 decreto
1106 2859 1179 2920 indi-

208 2939 390 3016 gnationem.
421 2941 499 3014 „sub
515 2941 644 3015 pedibus
659 2943 771 3002 vestris
787 2944 892 3018 stabit,
912 2941 1038 3018 tribuni,
1053 2943 1180 3004 domitor

209 3026 259 3085 ille
282 3023 406 3084 Africae
432 3022 557 3098 Scipio?
590 3025 660 3086 ideo
686 3033 828 3101 quattuor
851 3026 1059 3090 nobilissimos
1086 3028 1178 3086 duces

208 3108 401 3169 Poenorum
394 3124 424 3167 ιιι
438 3107 600 3183 Hispania,
622 3117 763 3185 quattuor
783 3109 936 3176 exercitus
956 3110 1034 3172 ludit
1054 3111 1178 3187 fugavit

209 3209 286 3268 que;
309 3193 379 3253 ideo
398 3190 573 3270 Syphacem
588 3193 683 3268 cepit,
704 3193 1043 3269 Hannibalemdevicit,
1059 3193 1177 3254 Cartha
1211 3219 1212 3292 l

208 3277 309 3350 ginem
324 3275 503 3351 vectigalem
517 3276 606 3336 nobis
622 3278 706 3352 lecit,
727 3278 909 3346 Antiochum
918 3277 1088 3353 -receplt
1101 3277 1212 3336 enlm

208 3360 331 3420 tratrem
352 3369 523 3422 consonam
543 3358 634 3422 haus
653 3363 816 3436 gloriaeb
832 3361 1078 3438 Scipio-*ultra
1090 3359 1212 3426 Tauri

208 3440 279 3511 loga
299 3442 427 3515 emovit,
449 3451 482 3503 ut
501 3443 623 3504 duobus
637 3444 760 3505 Petilliis
776 3446 1002 3520 succumberet,
1023 3461 1080 3506 vos
1095 3445 1131 3504 de
1144 3441 1212 3500 Ρ.
1211 3481 1212 3486 1
