2506 3898
217 203 280 270 308
380 203 494 266 LIBER
508 203 656 264 XXXVII.
679 201 761 264 CAP.
773 211 816 266 bb.
839 205 875 281 [ι.
886 209 922 264 U.
934 227 958 268 c.
969 212 1031 279 bet]

217 363 295 424 intra
318 360 411 424 finem
434 357 508 422 iuris
533 358 594 418 mei
619 357 743 418 cuilibet
762 357 861 420 videri
879 357 978 418 malim
994 375 1082 436 quem
1099 363 1170 426 ninia

216 444 411 524 pertinaciter
424 443 456 504 iu
470 441 637 504 obtinendo
652 456 690 502 eo
709 441 895 512 tetendisse;
919 442 950 502 in
959 443 1120 507 certamine
1131 464 1172 508 au·

216 540 277 591 tem
297 527 447 590 amicitiae
460 531 599 600 vestrae,
624 524 855 594 benevolentiae
875 539 950 601 erga
963 543 1037 601 vos,
1057 527 1172 607 honoris,

217 613 269 690 qui
283 629 304 674 a
316 612 407 674 vobis
426 610 602 685 habebitur,
624 608 748 670 minime
768 625 959 686 equaquam
979 623 1079 688 ecquo
1092 616 1173 677 animo

93 735 103 754 .
216 698 297 758 vinci
316 711 457 774 pessum.
488 693 569 756 hanc
590 707 649 768 ego
670 693 834 754 maalmam
852 692 1051 764 hereditatem
1072 707 1174 774 epatre

216 780 338 857 accepi,
355 781 408 856 qui
423 779 540 855 primus
555 775 690 840 omnium
703 777 811 838 Asiam
826 777 1047 856 Graeciamque
1060 782 1174 846 incolen-

215 867 288 928 tium
300 865 332 926 ln
343 862 506 924 amicitiam
515 863 757 937 venitvestram,
772 877 903 938 eamque
917 871 1068 940 perpetua
1079 873 1107 926 et
1119 882 1175 928 con·

215 947 306 1010 stanti
320 947 383 1009 fide
398 947 439 1008 ad
452 953 621 1008 extremum
641 945 734 1006 finem
751 944 834 1008 vitae
853 947 1025 1021 perduxit,
1037 965 1094 1011 nec
1107 952 1175 1012 dum·

214 1039 298 1095 uxot
321 1032 455 1094 animum
478 1031 569 1094 vobis
592 1029 708 1092 bonum
732 1045 768 1092 ac
792 1030 915 1091 fidelem
939 1033 1102 1108 praestitit,
1133 1036 1177 1096 sed

215 1116 357 1180 omnibus
377 1117 513 1179 interluit
531 1115 621 1177 bellis
642 1129 722 1190 quae
735 1115 767 1174 in
782 1115 911 1176 Graecia
924 1118 1083 1193 gessistis,
1102 1127 1176 1182 terre

216 1201 331 1264 utribus
346 1201 522 1274 navahbus,
540 1197 621 1261 omni
634 1213 748 1274 genere
759 1207 996 1276 commeatuum,
1012 1203 1055 1263 ila
1064 1210 1177 1264 utneno

215 1286 372 1348 sociorum
382 1293 555 1347 vestrorum
566 1283 628 1344 ulla
638 1289 725 1358 parte
736 1281 862 1359 aequari
872 1285 985 1382 possit
996 1303 1056 1348 vos
1066 1275 1177 1355 ediuv'ib

213 1377 372 1447 postremo
388 1385 457 1430 cum
470 1369 606 1430 Boeotos
621 1366 662 1426 ad
675 1367 853 1428 societatem
866 1376 1002 1432 vestram
1017 1369 1177 1443 hortaretur,

213 1454 246 1514 in
260 1455 331 1530 ipsa
345 1453 488 1515 contione
502 1452 718 1514 intermortuus
732 1450 815 1513 haud
829 1453 923 1514 multo
934 1459 1009 1528 post
1020 1453 1177 1530 exspiravit.

212 1535 304 1600 huius
320 1553 378 1613 ege
392 1535 523 1612 vestigia
537 1537 697 1610 ingressus
711 1536 858 1598 voluntati
873 1536 996 1610 quidem
1008 1547 1040 1600 et
1055 1539 1177 1600 studioin

214 1621 353 1682 colendis
378 1622 468 1682 vobis
493 1617 616 1681 adicere
636 1654 678 1666 -
698 1619 809 1682 etenim
834 1620 1095 1696 inexsuperabilia
1116 1620 1178 1681 haec

214 1713 356 1766 erant-
370 1705 443 1765 nihil
464 1705 567 1781 potui=
594 1704 688 1766 rebus
708 1704 786 1779 ipsis
808 1703 987 1780 meritisque
1002 1713 1033 1768 et
1049 1705 1177 1783 impensis

215 1787 387 1850 ciliciorum
406 1795 440 1851 ut
460 1804 609 1866 superare
623 1803 765 1865 possem,
794 1789 916 1850 fortuna
935 1794 1078 1864 tempora
1090 1789 1176 1849 Aulo-

216 1871 291 1934 chus
307 1879 337 1936 et
350 1873 463 1935 bellum
473 1874 505 1934 in
515 1874 591 1936 Asia
602 1881 722 1948 gestum
734 1871 940 1948 praebuerunt
949 1872 1116 1934 materiam.
1135 1885 1176 1930 rex

216 1958 309 2020 Asiae
324 1964 355 2020 et
368 1959 464 2034 pertis
477 1959 620 2034 Europae
633 1956 804 2021 Antiochus
824 1955 917 2016 liliam
938 1971 1031 2018 suern
1050 1959 1081 2017 in
1094 1957 1177 2016 matri·

163 2059 169 2074 ·
214 2043 349 2104 ninnium
362 2042 434 2102 mihi
450 2042 558 2114 dabam
577 2041 757 2104 restituebat
774 2042 927 2116 extemplo
943 2039 1098 2116 civitates,
1114 2053 1178 2116 quae

215 2127 391 2188 deiecerant
405 2143 424 2186 a
439 2127 544 2195 nobis;
567 2141 655 2201 spem
679 2141 820 2201 magnam
840 2125 871 2184 in
892 2131 1054 2200 posterum
1069 2122 1178 2201 amplifi·

214 2210 304 2270 candi
318 2210 405 2285 regni
419 2209 565 2282 iaciebat,
588 2210 615 2270 si
636 2224 742 2270 secum
756 2209 870 2269 bellurn
884 2209 1038 2270 adversus
1054 2226 1109 2270 vos
1122 2223 1177 2284 ges·

212 2293 334 2354 sissem.
361 2309 423 2356 non
443 2292 599 2368 gloriabor
619 2309 657 2355 ee
680 2293 765 2369 quod
784 2292 858 2352 nihil
878 2293 909 2352 in
923 2309 982 2354 vos
998 2293 1178 2371 deliquerim:
1221 2331 1222 2334 ,

213 2377 263 2438 illa
284 2374 386 2452 potius
413 2393 493 2453 quae
517 2377 726 2439 vetustissima
750 2377 861 2438 domus
884 2385 1010 2438 nostrae
1035 2379 1179 2442 vobiscum

212 2462 344 2546 amicitie
365 2462 458 2538 digna
477 2469 563 2538 sunt,
583 2462 722 2522 reserem.
755 2459 951 2536 pedestribus
972 2463 1180 2535 navalibusque

213 2547 325 2622 copiis,
340 2554 375 2608 ut
388 2563 477 2608 nemo
489 2553 661 2608 vestrorum
672 2545 827 2608 sociorum
840 2561 891 2608 me
901 2544 1104 2622 aequiperare
1119 2559 1179 2620 pos·
1221 2549 1222 2570 ¹

213 2639 268 2704 set,
282 2632 482 2707 imperatores
496 2638 617 2693 vestros
628 2628 747 2700 adiuvi;
763 2635 953 2692 commeatus
964 2637 1048 2692 terra
1058 2631 1179 2702 marique

213 2715 423 2790 suppeditavi;
443 2713 604 2778 navalibus
625 2713 767 2790 proeliis,
791 2727 872 2790 quae
891 2715 993 2776 miritis
1017 2715 1094 2784 locis
1114 2715 1179 2772 iactr

212 2807 292 2872 sunt,
308 2799 449 2858 omnibus
462 2799 561 2868 adlui;
578 2813 636 2858 nec
649 2797 746 2860 labori
756 2813 825 2858 meo
838 2813 896 2860 nec
910 2799 1050 2875 periculo
1062 2809 1178 2873 usquam

212 2883 346 2956 peperci.
370 2881 454 2956 quod
469 2882 671 2942 miserrimum
686 2880 778 2942 estin
792 2882 890 2956 bello,
912 2882 1107 2944 obsidionem
1121 2893 1177 2956 pas·

213 2981 365 3040 sussum,
385 2963 524 3042 Pergami
543 2964 681 3028 inclusus
704 2981 772 3028 eum
794 2965 970 3028 discrimine
983 2967 1089 3029 ultimo
1103 2960 1178 3025 simul

211 3048 291 3112 vitae
303 3050 462 3126 regnique.
485 3050 630 3112 liberatus
642 3049 753 3110 deinde
766 3049 943 3124 obsidione,
955 3067 1025 3112 cum
1036 3052 1096 3112 alia
1105 3053 1178 3125 parte

210 3133 382 3196 Antiochus
396 3135 457 3195 alia
472 3133 621 3196 Seleucus
636 3135 718 3194 circa
732 3149 836 3194 arcem
849 3135 936 3210 regni
950 3135 1010 3195 mei
1024 3142 1123 3196 castra
1135 3130 1177 3190 ha-

210 3219 329 3294 berent,
355 3218 470 3290 relictis
490 3219 567 3280 meis
586 3217 680 3278 rebus
701 3225 765 3279 lota
785 3219 888 3280 classe
908 3219 949 3280 ad
961 3219 1178 3294 Hellespontum

210 3302 243 3362 L.
259 3302 397 3377 Scipioni
413 3301 533 3364 consuli
553 3309 656 3364 vestro
677 3301 813 3378 occurri,
835 3309 870 3363 ut
888 3318 959 3364 emn
979 3303 1010 3363 in
1024 3296 1176 3364 traiciendo

212 3385 349 3446 exercitu
362 3385 548 3446 adiuvarem.
576 3393 741 3460 postquam
755 3385 786 3446 in
801 3387 908 3446 Asiam
923 3388 1075 3452 exereitus
1089 3389 1178 3446 vester

211 3473 260 3526 est
282 3475 513 3546 transgressus,
538 3483 705 3544 numquam
724 3485 750 3554 a
765 3471 894 3530 consule
919 3471 1068 3532 abscessi.
1100 3477 1174 3528 nemo
