2480 3904
178 207 240 274 170
312 209 428 269 LIBER
441 205 576 268 xxxiv,
599 205 682 266 cAP.
697 175 797 270 eost.
819 209 856 286 [a.
872 213 908 265 u.
923 229 949 266 c.
963 206 1026 282 aaa]
1052 255 1056 264 .

176 369 377 424 maturaretur
390 376 451 434 res,
468 357 624 435 proficisci
638 359 679 419 ad
694 358 836 418 dilectum
851 358 950 420 iussit.
972 359 1080 420 Fulvio
1091 360 1156 420 Fla·

176 447 332 520 minioque
345 452 433 504 terna
447 444 529 504 milia
541 444 749 504 Romanorum
762 443 914 517 peditum,
938 443 1060 503 centeni
1074 441 1157 520 equiss

175 537 222 590 tes
238 532 267 590 in
280 530 535 605 supplementum,
551 535 581 588 et
592 527 684 603 quina
695 525 778 586 milia
788 525 906 588 socium
916 527 1015 587 Latini
1026 527 1157 590 nominis

175 621 205 674 at
219 613 330 675 duceni
352 612 472 687 equites
488 611 618 681 decreti}
639 611 878 686 ntandatumque
892 611 1105 685 praetoribus,
1126 619 1158 672 ut

174 706 295 758 vetares
311 693 495 757 dimitterent
508 696 634 769 milites,
657 710 726 756 cum
740 694 770 753 in
785 693 975 770 provinciam
989 695 1157 756 venisseut.

175 797 245 841 cum
266 781 375 842 milites
398 779 450 855 qai
471 781 503 839 in
523 779 696 854 legionibus
716 777 843 838 urbanis
858 785 958 852 erant,
981 780 1165 856 frequentes·

173 865 312 925 tribunos
330 863 430 938 plebei
446 863 598 934 adissent,
614 862 658 923 uti
673 877 786 923 causas
801 869 1027 936 cognoscerent
1041 879 1157 938 eorum,

175 949 288 1024 quibus
310 953 363 1008 aut
384 943 511 1008 emerita
532 946 686 1022 stipendia
707 952 760 1006 aut
772 946 898 1006 morbus
914 959 1029 1007 causae
1044 956 1158 1022 essent,

175 1049 237 1108 quo
263 1029 364 1092 minus
389 1031 564 1105 militarent,
590 1045 658 1090 eam
682 1044 747 1090 rem
772 1028 890 1090 litterae
913 1029 956 1090 Ti.
984 1029 1158 1106 Sempronii

174 1117 402 1190 discusserunt,
427 1115 459 1174 in
484 1115 596 1192 quibus
623 1113 770 1189 scriptum
796 1119 860 1173 erat
879 1111 1025 1188 Ligurum
1050 1115 1158 1177 decem

174 1199 257 1260 milia
282 1199 313 1259 in
334 1215 440 1274 agrum
459 1197 668 1259 Placentinum
688 1197 828 1272 venisse,
855 1204 975 1258 etcum
996 1201 1159 1275 usquead

173 1283 246 1360 ipsa
266 1284 408 1344 coloniae
428 1282 550 1344 moenia
570 1290 600 1342 et
613 1281 688 1342 Padi
708 1282 792 1357 ripas
815 1295 883 1342 cum
905 1283 1053 1343 caedibus
1068 1289 1100 1343 et
1112 1285 1158 1343 in-

175 1368 292 1429 cendiis
313 1369 537 1442 perpopulatos
559 1381 648 1436 esse;
673 1365 820 1427 Boiorum
841 1381 966 1441 quoque
980 1374 1101 1441 gentem
1117 1369 1158 1428 ad

172 1451 371 1512 rebellionem
385 1457 537 1525 spectare.
571 1450 610 1510 ob
626 1465 680 1510 eas
694 1465 746 1510 res
759 1450 919 1510 tumultum
934 1465 1006 1510 esse
1022 1451 1160 1512 decrevit

173 1542 319 1604 senatum
352 1534 491 1594 tribunos
517 1533 619 1608 plebei
646 1550 709 1594 non
734 1535 858 1610 placere
883 1549 995 1594 causas
1020 1534 1157 1596 nulimris

173 1632 372 1692 cognoscere,
390 1616 566 1691 quominus
583 1617 623 1675 ad
638 1618 771 1677 edictum
786 1617 1011 1678 conveniretur.
1035 1618 1158 1680 adiece-

171 1707 242 1762 runt
256 1702 355 1774 etiam,
371 1707 404 1760 ut
418 1701 496 1760 socii
510 1699 641 1761 nominis
653 1701 759 1777 Latini,
776 1702 827 1776 qui
841 1703 872 1761 in
887 1702 1024 1762 exercitu
1037 1700 1069 1772 P.
1083 1701 1155 1762 cor·

171 1784 243 1844 nelii
262 1783 305 1844 Ti.
322 1781 495 1860 Sempronii
516 1785 648 1846 fuissent
666 1791 697 1846 et
718 1785 836 1846 dimissi
856 1786 895 1846 ab
916 1785 954 1846 iis
976 1787 1156 1847 consulibus

171 1877 291 1944 essent,
312 1875 345 1930 ut
359 1868 400 1929 ud
414 1885 507 1945 quam
521 1869 602 1930 diem
616 1869 649 1930 L.
665 1869 823 1930 cornelius
838 1871 947 1930 consul
961 1869 1113 1933 edixisset
1128 1877 1157 1931 et

171 1952 201 2012 in
217 1968 308 2028 quern
322 1953 425 2014 locum
439 1954 588 2016 edixisset
601 1953 754 2026 Etruriae,
777 1953 992 2022 convenirent;
1014 1959 1046 2014 et
1064 1955 1108 2014 uli
1122 1954 1155 2012 L.

173 2035 333 2098 Cornelius
360 2038 469 2099 consul
489 2037 520 2098 in
542 2037 731 2112 provinciam
752 2037 956 2113 proficiscens
977 2038 1008 2097 in
1030 2039 1157 2112 oppidis

170 2121 331 2195 agrisque,
354 2137 416 2195 qua
436 2122 532 2181 iturus
551 2127 649 2194 esset,
672 2121 699 2182 si
715 2137 796 2197 quos
810 2122 839 2182 ei
853 2121 1024 2196 videretur,
1044 2123 1157 2182 militas

169 2203 319 2263 scriberet
332 2210 524 2280 armaretque
543 2210 573 2263 et
587 2205 713 2266 duceret
728 2221 848 2276 secum;
872 2205 1105 2280 dimittendique
1119 2207 1158 2282 ei,

171 2301 251 2362 quos
268 2302 375 2348 eorum
392 2288 580 2364 quandoque
593 2289 693 2363 veliet,
709 2289 757 2350 ius
773 2298 865 2350 esset.

254 2371 344 2432 LVII.
368 2371 534 2447 Postquam
557 2374 702 2434 consules
722 2374 835 2435 dilectu
855 2373 958 2434 habito
981 2374 1111 2450 proiecti
1125 2373 1159 2432 in

169 2455 347 2531 provincias
368 2463 454 2528 sunt,
476 2462 540 2516 tum
559 2457 591 2516 Τ.
614 2456 772 2532 Quinctius
794 2457 975 2534 postulavit,
1001 2465 1035 2518 ut
1056 2457 1096 2517 de
1117 2457 1158 2517 iis

169 2555 250 2616 quaa
271 2556 341 2602 cum
362 2540 470 2602 decem
490 2541 598 2615 legatis
619 2542 688 2617 ipse
709 2543 866 2602 statuisset
886 2548 1012 2602 senatus
1027 2541 1159 2615 audiret,

168 2639 284 2699 eoque,
306 2627 333 2685 si
354 2625 522 2696 videretur,
545 2625 724 2698 alletoritate
744 2641 801 2686 sua
819 2625 1022 2688 confirmaret
1052 2624 1085 2684 id
1100 2640 1158 2684 eos

168 2708 289 2768 facilius
315 2710 466 2781 facturos,
493 2709 520 2769 si
542 2710 712 2784 legatorum
732 2709 842 2784 verba,
869 2710 919 2786 qui
946 2725 985 2769 ex
1010 2710 1160 2770 universa

170 2788 298 2849 Graecia
323 2799 353 2852 et
377 2805 488 2866 magna
512 2801 599 2866 parte
624 2795 719 2854 Asiae
748 2794 863 2870 quique
887 2793 925 2855 ab
952 2793 1078 2868 regibus
1104 2808 1160 2853 ve-

168 2873 304 2948 nissent,
325 2875 494 2934 audissent.
534 2891 590 2936 eae
611 2877 780 2952 legationes
796 2893 815 2938 a
830 2877 860 2938 0.
884 2877 1045 2938 Scribonio
1065 2893 1159 2953 prae-

167 2963 235 3016 tore
263 2956 381 3019 urbano
408 2959 440 3018 in
466 2967 605 3022 senatum
630 2960 821 3022 introductae
845 2969 931 3032 sunt,
960 2962 1161 3038 benigneque

168 3040 310 3103 omnibus
329 3057 525 3118 responsum¹
557 3061 627 3106 cum
641 3045 795 3107 Antiocho
818 3046 890 3121 quia
910 3045 1032 3120 longior
1054 3044 1158 3106 disce-

167 3126 263 3201 ptatio
291 3133 370 3200 erat,
400 3127 507 3190 decem
530 3129 655 3205 legatis,
686 3146 816 3206 quorum
842 3145 916 3206 pars
944 3132 1053 3192 autin
1079 3128 1160 3188 Asia

168 3217 220 3270 aut
239 3209 452 3288 Lysimachiae
478 3213 562 3288 apud
585 3228 690 3288 regern
711 3215 846 3286 inerant,
874 3213 1014 3290 delegata
1036 3221 1094 3274 est.
1123 3212 1159 3272 T.

167 3289 306 3366 Quinctio
322 3295 507 3370 mandatum,
522 3303 556 3356 ut
569 3296 710 3359 adhibitis
727 3299 763 3358 iis
778 3301 947 3373 legatorum
962 3299 1045 3372 regis
1058 3295 1160 3357 verba

168 3377 301 3451 audiret,
321 3379 588 3454 responderetque
609 3379 646 3438 iis
669 3398 749 3456 quae
769 3398 808 3442 ex
823 3382 969 3458 dignitate
989 3388 1084 3456 atque
1098 3380 1159 3442 uti·

166 3456 248 3517 litate
273 3461 381 3534 populi
401 3461 530 3522 Romani
554 3465 739 3538 responderi
764 3472 902 3540 possent.
937 3463 1106 3542 Menippus
1128 3469 1161 3525 et
