2480 3904
218 219 484 280 uaaaxxxvr.
509 219 760 284 clariana.
784 227 820 294 [a.
834 224 941 301 caer]
1005 208 1071 288 'aaa

83 387 302 434 successorem
312 371 402 434 misit
424 373 542 434 XXXII.
564 373 591 432 is
605 381 678 448 post
688 375 791 450 lugam
803 375 841 435 ab
852 375 1067 458 Thermopylis

81 455 227 517 Antiochi
241 456 539 535 Amynandrumque
553 473 572 516 a
585 456 725 532 Philippo
735 457 920 522 Athamania
932 464 1066 538 pulsum,

82 539 189 602 missis
202 541 282 602 ultro
297 540 337 600 ad
351 539 533 616 Diophanen
554 547 727 615 praetorem
743 541 938 606 Achaeorum
952 546 1065 606 nuntiis

79 624 215 701 pecunia
238 625 355 700 pactus'
372 624 503 686 insulam
523 623 657 684 Achaeis
679 625 811 686 tradidit
845 625 877 687 id
896 631 1068 703 praemium

78 708 154 769 belli
178 723 269 768 suum
291 723 363 768 esse
384 723 518 784 aequora
539 709 708 770 censebant
726 709 871 770 Romania
898 727 960 772 non
985 714 1065 774 enim

77 792 131 854 Μ’.
145 791 280 852 Acilium
300 794 458 854 consulem
477 791 682 868 legionesque
698 793 854 854 Romanas
867 794 1021 870 Diophani
1036 805 1066 858 et

76 875 217 938 Achaeis
230 875 271 936 ad
284 875 508 953 Thermopylas
523 891 691 952 pugnasse.
718 876 896 952 Diophanes
911 879 1066 940 adversus

76 959 158 1021 haec
173 974 307 1034 purgare
319 957 472 1022 interdum
487 973 559 1020 sese
574 966 766 1036 gentemque,
781 961 932 1022 interdum
945 962 984 1024 de
997 963 1064 1024 iuro

76 1043 152 1105 lacti
174 1041 338 1104 disserere.
369 1043 492 1120 quidam
509 1043 705 1104 Achaeorum
725 1051 755 1106 et
768 1043 852 1106 initio
867 1060 935 1106 eam
949 1061 986 1107 sa
999 1063 1064 1106 rem

76 1134 266 1204 aspernatos
281 1128 479 1203 testabantur,
495 1135 526 1188 et
542 1134 615 1188 tunc
629 1127 826 1203 pertinaciam
841 1128 1065 1204 increpitabant

76 1211 252 1288 praetoris;
272 1209 511 1288 auctoribusque
524 1212 563 1272 iis
577 1212 734 1274 decretum
751 1219 814 1287 est,
829 1220 863 1272 ut
874 1213 908 1274 Τ.
924 1211 1066 1285 Quinctio

76 1311 118 1357 ea
136 1311 189 1358 res
211 1295 443 1372 permitteretur.
475 1302 540 1358 erat
555 1293 712 1370 Quinctius
733 1293 814 1358 sicut
827 1295 1063 1357 adversantibus

76 1395 183 1457 asper,
198 1380 249 1453 ita,
265 1378 292 1440 si
307 1380 444 1452 cederes,
458 1377 541 1440 idem
556 1378 725 1456 placabilis.
755 1379 871 1440 omissa
884 1379 976 1456 igitur
989 1395 1062 1442 con-

76 1465 216 1526 tentione
235 1462 324 1523 vocis
343 1465 508 1540 vultusque
529 1465 577 1538 „si
598 1462 721 1524 utilem“
741 1463 841 1540 inquit
863 1465 1059 1540 „possessio

75 1563 150 1608 uem
167 1546 234 1608 eius
253 1546 373 1608 insulae
394 1561 553 1608 censerem
572 1547 707 1608 Achaeis
728 1563 817 1622 esse,
837 1554 945 1610 auctor
959 1563 1062 1610 essem

75 1630 201 1693 senatui
215 1632 395 1708 populoque
408 1630 564 1706 Romano,
584 1639 619 1693 ut
633 1647 701 1692 eam
715 1647 772 1692 vos
787 1631 903 1692 habere
918 1631 1060 1692 sinerent

76 1722 215 1777 ceterum
235 1713 315 1778 sicut
335 1715 533 1789 testudinem,
554 1714 608 1776 ubi
626 1716 755 1776 collecta
769 1715 800 1775 in
814 1731 905 1776 suum
919 1723 1061 1792 tegumen
1103 1745 1106 1750 Δ

75 1806 142 1873 est,
166 1805 259 1860 tutam
280 1799 320 1860 ad
340 1799 439 1860 omnis
460 1800 539 1862 ictus
553 1799 645 1860 video
661 1813 748 1872 esse,
769 1797 823 1859 ubi
837 1798 953 1860 exserit
965 1799 1064 1874 partis

75 1883 216 1960 aliquas,
232 1883 451 1958 quodcumque
465 1881 600 1957 nudavit,
621 1882 789 1944 obnoxium
802 1889 896 1956 atque
910 1881 1061 1942 infirmum

74 1967 209 2028 haberer
230 1965 314 2027 haud
333 1967 521 2028 dissimiliter
534 1983 607 2040 voe,
628 1965 761 2038 Achaei,
783 1966 909 2028 clausos
926 1963 1063 2040 undique

74 2051 164 2126 mari,
181 2065 260 2127 quae
274 2050 353 2111 intra
362 2051 569 2126 Peloponnesi
583 2057 655 2111 suot
667 2049 824 2124 temaiuos,
840 2065 877 2108 ea
891 2054 922 2108 et
935 2048 1062 2123 iungere

74 2135 170 2196 vobis
193 2142 222 2194 et
242 2133 346 2196 iuncta
365 2135 443 2196 tueri
457 2135 563 2207 iacile;
581 2134 672 2194 simul
686 2132 830 2196 aviditate
844 2134 933 2208 plura
947 2133 1062 2208 ample

75 2219 181 2281 ctendi
201 2217 274 2278 liinc
293 2219 466 2293 excedatis,
488 2218 571 2280 nuda
584 2217 674 2280 volas
689 2217 791 2280 omnia
805 2231 885 2294 quae
900 2223 986 2277 extra
1001 2215 1063 2276 sint

74 2311 107 2364 et
121 2301 267 2379 exposita
286 2302 326 2363 ad
341 2317 449 2364 omnes
464 2301 544 2364 ictus
559 2306 662 2364 esse.“
690 2301 874 2362 adsentienti
889 2300 971 2360 omni
987 2315 1061 2360 cou-

74 2387 147 2448 cilio
163 2401 221 2447 nec
232 2385 393 2460 Diophane
406 2386 485 2446 rdtra
498 2385 625 2446 tendere
636 2400 713 2446 auso
724 2386 901 2462 Zacynthus
912 2381 1062 2444 Romanis

75 2471 215 2532 traditur.

161 2553 294 2616 XXXIII.
315 2553 374 2614 Per
386 2553 469 2614 idem
482 2559 604 2627 tempus
617 2549 776 2625 Philippus
790 2565 848 2610 rex
861 2547 1061 2624 proficiscen-

74 2648 137 2701 tem
152 2639 312 2699 consulem
326 2638 367 2698 ad
381 2637 570 2712 Naupactum
584 2640 818 2710 percunctatus,
840 2632 866 2692 si
882 2647 918 2692 se
932 2630 1060 2704 interim,

76 2738 160 2798 quae
185 2721 373 2783 deiecissent
392 2721 431 2780 ab
452 2720 599 2782 societate
624 2718 776 2789 Romana,
803 2715 897 2776 urbes
921 2713 1064 2789 recipere

76 2807 186 2878 vellet,
210 2805 402 2880 permittente
422 2820 460 2866 eo
482 2805 523 2866 ad
541 2801 766 2864 Demetriadem
788 2799 896 2876 copias
916 2796 1060 2872 admovit,

74 2890 160 2952 haud
182 2889 307 2965 ignarus
328 2895 442 2966 quanta
455 2888 497 2949 ibi
521 2895 585 2948 tum
599 2884 788 2962 perturbatio
804 2891 897 2946 esset.
925 2883 1062 2944 destituti

76 2973 160 3035 enim
182 2973 222 3034 ab
237 2973 319 3035 omni
338 2989 412 3049 spe,
434 2989 503 3034 cum
524 2973 666 3033 desertos
680 2983 716 3030 se
730 2969 770 3029 ah
783 2967 952 3040 Antiocho,
973 2983 1061 3042 spem

75 3059 193 3119 nullam
206 3055 238 3117 in
253 3057 371 3120 Aetolis
386 3072 457 3118 esse
472 3061 640 3126 comerent,
659 3053 725 3114 dies
739 3061 911 3127 noctesque
926 3057 978 3111 aut
991 3049 1060 3110 Phi·

74 3142 153 3218 lippi
174 3141 274 3203 hostis
294 3140 458 3202 adventura
478 3147 531 3202 aut
544 3137 732 3200 infestiorem
747 3136 852 3211 etiam,
873 3150 935 3211 quo
950 3132 1061 3194 iustius

75 3225 145 3288 irati
167 3233 270 3300 erant,
289 3225 498 3286 Romanorum
513 3221 743 3298 exspectabant.
779 3219 868 3282 turha
882 3225 947 3278 erat
959 3214 1002 3276 ibi
1016 3216 1060 3275 in-

76 3309 202 3372 condita
226 3307 396 3384 regiorum,
422 3306 475 3384 qui
496 3305 593 3383 primo
613 3304 706 3382 pauci
725 3303 757 3364 in
776 3298 932 3381 praesidio
954 3298 1060 3372 relicti,

76 3400 191 3469 postea
204 3395 325 3469 plures,
345 3390 487 3469 plerique
502 3391 634 3452 inermes
649 3405 689 3449 ex
703 3386 823 3464 proelio
839 3385 973 3445 adverso
989 3383 1061 3457 luga

76 3477 187 3560 delati,
201 3493 260 3538 nec
272 3475 382 3539 virium
396 3491 455 3538 nec
469 3472 561 3536 animi
576 3472 651 3536 satis
667 3473 708 3532 ad
722 3469 915 3534 obsidionem
929 3468 1061 3528 toleran-
