2480 3904
236 191 350 254 LIBER
360 191 480 254 xxxv.
508 193 883 267 CAP.11.12.[a.C.193]
981 193 1042 258 185

84 344 167 408 iacula
180 359 281 409 secum
295 353 410 421 portat,
432 345 504 421 equi
519 345 586 406 sine
601 346 709 420 irenis,
730 346 876 408 deformis
891 346 961 423 ipse
974 364 1041 408 cur-

82 445 127 494 tus
139 428 231 504 rigida
244 429 364 490 cervice
378 436 408 490 et
418 435 542 490 extento
554 429 654 506 capite
665 429 860 492 currentium.
874 431 957 492 hunc
970 447 1042 492 con-

81 519 208 588 temptum
231 513 269 574 de
283 512 433 574 industria
447 520 594 588 augentes
610 513 670 574 labi
685 530 725 575 ax
740 515 829 591 equis
845 522 875 576 ct
888 531 947 592 par
963 516 1041 576 ludi-

78 595 163 656 brium
174 597 348 674 spectaculo
361 612 442 658 esse.
464 598 568 673 itaque
580 598 632 674 qui
643 598 742 674 primo
753 599 859 660 intenti
871 599 1041 676 paratique,

78 680 100 740 si
113 682 342 756 lacesserentur,
363 681 394 740 in
404 681 591 757 ‚stationibus
613 683 748 755 fuerant,
770 684 830 744 iam
843 684 975 744 inermes
991 700 1042 744 se-

77 764 231 840 dentesque
244 781 317 841 pare
332 765 466 826 maxima
479 766 671 842 spectabant
689 766 838 828 Numidae
853 768 1042 842 adequitare,

77 847 138 908 dein
155 849 309 924 reingere,
332 850 389 910 sed
403 850 533 926 propius
549 852 658 910 saltum
673 852 819 926 paulatim
828 851 936 926 evehi,
959 853 1043 912 velut

77 947 145 1007 quos
159 933 331 1008 impotentis
345 933 474 1009 regendi
489 935 561 1010 equi
575 934 687 994 invitos
703 934 854 996 alienent.
885 943 1043 1010 postremo

76 1016 190 1077 subditis
214 1019 384 1078 calcaribus
407 1017 623 1080 intermedias
648 1019 795 1080 stationes
816 1018 951 1080 hostium
973 1035 1040 1080 eru-

75 1115 152 1175 pere,
172 1107 202 1160 et
222 1101 251 1160 in
274 1117 380 1177 agrum
400 1101 539 1164 latiorem
554 1101 653 1163 evecti
668 1103 771 1164 omnia
785 1103 960 1180 propinqua
973 1103 1043 1162 viae

75 1188 143 1243 tecta
164 1183 340 1246 incendunt.
376 1185 517 1262 proximo
543 1185 655 1247 deinde
680 1187 749 1246 vico
775 1187 909 1248 inierunt
931 1186 1043 1261 ignem,

75 1266 145 1329 terro
158 1267 341 1346 flammaque
356 1269 458 1330 omnia
472 1277 657 1346 pervastunt.
680 1273 782 1332 fumus
799 1271 898 1346 primo
909 1285 1040 1344 conspe·

76 1357 141 1427 clue,
156 1353 266 1414 deinde
282 1355 397 1416 clamor
410 1353 627 1430 trepidantium
640 1355 671 1416 in
683 1355 760 1416 vicis
773 1352 905 1429 auditus,
921 1360 1041 1430 postre-

75 1450 117 1496 mo
139 1436 276 1499 seniores
305 1439 455 1516 puerique
481 1440 668 1514 refugientes
692 1439 852 1502 tumultum
877 1440 907 1498 in
933 1438 1043 1500 castris

75 1519 205 1582 iecerunt.
235 1523 341 1599 itaque
356 1524 424 1584 sine
439 1524 578 1598 consilio,
594 1523 662 1583 sine
676 1525 819 1600 imperio,
835 1539 893 1598 pro
908 1539 943 1583 se
959 1522 1042 1599 quis·

76 1620 127 1678 que
139 1621 259 1667 currere
275 1607 315 1667 ad
327 1623 385 1668 sua
394 1609 537 1678 tutanda3
552 1616 771 1685 momentoque
781 1607 928 1683 temporis
941 1613 1043 1667 castra

74 1688 165 1750 relicta
179 1698 276 1766 erant,
291 1697 322 1752 et
336 1689 500 1753 obsidione
513 1691 658 1753 liberatus
675 1693 784 1754 consul
798 1709 859 1768 quo
871 1690 1043 1753 intenderat

75 1775 207 1846 pervenit.

145 1859 207 1920 XII.
231 1859 296 1922 Sed
310 1875 413 1936 neque
426 1859 495 1920 Boii
510 1875 612 1934 neque
625 1858 768 1934 Hispani,
791 1875 860 1919 cum
875 1859 988 1934 quibus
1004 1875 1042 1919 ec

75 1955 142 2004 anno
165 1943 311 2006 bellatum
336 1951 416 2017 erat,
443 1951 505 2004 tam
524 1943 646 2004 inimice
666 1943 767 2003 infesti
790 1949 877 2004 arant
895 1942 1042 2002 Romanis

77 2040 153 2097 quam
167 2029 349 2092 Aetolorum
365 2044 452 2104 gens.
474 2028 495 2088 ii
510 2035 583 2104 post
597 2027 775 2104 deportatos
792 2042 831 2086 ex
847 2025 976 2086 Graecia
990 2041 1043 2084 ex·

74 2109 172 2192 arcitus
186 2115 288 2190 primo
303 2113 334 2172 in
349 2128 406 2188 spe
421 2113 541 2190 fuerant
555 2117 586 2172 et
598 2111 781 2173 Antiochum
797 2111 828 2171 in
842 2125 972 2170 vacuam
982 2109 1042 2170 Eu·

74 2208 158 2268 nopae
171 2197 409 2272 possessmnem
423 2204 595 2270 venturum,
610 2212 668 2257 nee
681 2196 855 2271 Philippum
871 2200 923 2256 aut
935 2192 1044 2254 Nabim

76 2278 229 2351 quieturos.
258 2281 311 2342 ubi
326 2279 400 2340 nihil
414 2297 546 2357 usquam
560 2282 676 2342 moveri
689 2280 845 2352 viderunt,
868 2279 1045 2354 agitandum

75 2362 177 2438 aliquid
200 2365 459 2440 miscendumque
482 2366 555 2438 rati,
582 2381 622 2425 ne
648 2365 818 2425 cunctando
845 2369 1045 2438 senescerent

74 2449 198 2525 consilia,
212 2449 377 2513 concilium
387 2449 577 2527 Naupactum
588 2449 772 2509 indixerunt.
794 2446 835 2506 ibi
842 2446 944 2506 Thoas
956 2461 1044 2519 prae-

72 2535 112 2590 tor
135 2549 241 2596 eorum
271 2540 461 2609 conquestus
487 2533 614 2594 iniurias
637 2533 844 2592 Romanorum
871 2535 1046 2602 statumque

72 2615 215 2694 Aetoliae,
240 2618 325 2695 quod
347 2617 481 2678 omnium
497 2617 644 2678 Graeciae
663 2614 798 2690 gentium
818 2612 1046 2686 civitatiumque

72 2696 326 2764 inhonoratissimi
347 2709 506 2778 postcom
526 2701 685 2761 victoriam
706 2705 825 2772 essent,
848 2695 936 2758 cuius
951 2711 1046 2756 causa

73 2782 123 2857 ipsi
144 2787 292 2862 luissent,
314 2788 434 2861 legatos
457 2785 576 2846 censuit
589 2784 673 2845 circa
686 2781 971 2859 regesmittendoS,
994 2780 1046 2856 qui

73 2883 125 2929 con
146 2873 247 2932 solum
263 2877 447 2946 temptarent
460 2871 580 2932 animos
595 2885 716 2942 eorum,
739 2869 795 2930 sed
811 2866 876 2928 suis
892 2881 1048 2942 quemque

73 2953 193 3016 stimulis
216 2962 377 3016 moverent
397 2956 438 3016 ad
451 2958 622 3018 Romanum
642 2954 764 3014 bellum.
797 2951 989 3013 Damocritus
1007 2951 1047 3010 ad

72 3031 185 3115 Nabim,
200 3039 357 3101 Nicander
372 3041 412 3100 ad
425 3039 612 3116 Philippum,
628 3037 836 3098 Dicaearchus
851 3037 944 3096 irater
958 3049 1045 3109 prae·

73 3123 139 3184 toris
154 3123 387 3185 adAntiochum
398 3130 446 3185 est
456 3124 579 3184 missus.
596 3115 1046 3201 tyrannoLacedaemonioDa—

73 3209 210 3270 moeritus
227 3208 378 3284 ademptis
393 3209 549 3269 maritimis
565 3207 737 3268 civitatibus
753 3211 928 3266 enervatam
944 3207 1047 3278 tyran·

73 3287 167 3351 nidem
183 3293 297 3354 dicere.
318 3293 391 3352 inde
405 3293 538 3366 militem,
553 3292 625 3352 inde
635 3305 732 3350 naves
744 3289 933 3360 navalesque
944 3283 1049 3342 socios

73 3369 224 3436 habuisse.
247 3377 398 3437 inclusum
414 3378 479 3437 suis
495 3392 594 3452 prope
607 3375 701 3435 muris
716 3373 860 3433 Achaeos
874 3367 1050 3464 videretdo·

71 3455 211 3522 minantis
236 3461 266 3521 in
287 3461 513 3538 Peloponneso.
546 3475 711 3534 numquam
736 3455 910 3516 habiturum
931 3466 1050 3526 recipe·
