2506 3898
218 213 334 272 LtBER
348 213 496 273 xxxvii.
520 211 601 271 car.
617 221 715 276 aare.
739 219 894 287 [acheo]
982 213 1044 280 283

53 377 160 436 regna
173 359 318 433 tollenda,
334 367 367 420 ut
381 361 495 420 nullum
509 377 641 436 usquam
656 361 739 422 orbis
751 369 899 422 terrarum
910 363 969 424 nisi
982 363 1043 425 Ro·

53 459 186 505 manum
200 443 361 518 imperium
375 451 467 504 esset.
489 443 662 520 Philippum
673 451 704 504 et
713 445 820 505 Nabim
832 452 1042 521 expugnatom

53 543 95 587 se
111 528 230 587 tertium
246 527 318 602 peti.
340 533 375 587 ut
390 525 523 602 quisque
538 529 695 602 proximus
707 528 745 587 ab
758 543 911 604 oppresso
924 530 972 603 sit,
987 546 1044 606 per

52 611 163 672 omnis
177 611 261 670 velut
276 611 436 670 continens
450 610 624 671 incendium
643 627 853 686 pervasurum.
875 612 914 673 ab
925 629 961 673 sc
974 628 1043 688 gra·

51 697 133 754 dum
148 695 180 754 in
193 692 367 771 Bithyniam
383 693 463 767 lore,
487 695 611 769 quando
624 695 779 755 Eumenes
794 695 825 754 in
841 694 1040 757 voluntariam
1151 699 1154 702 ’

52 777 240 838 servitutem
256 771 473 837 concessisset.
501 777 549 836 his
564 785 677 838 motum
690 776 829 838 Prusiam
842 777 961 838 litterae
976 777 1041 840 Sci·

52 861 165 936 pionis
179 861 326 934 consulis,
342 860 398 920 sed
413 859 511 934 magis
526 862 627 922 liatris
643 863 709 922 eius
723 861 870 933 Africani,
885 862 925 923 ab
940 861 1042 938 suspi-

50 944 152 1005 cione
172 945 223 1004 tali
244 949 434 1013 averterunt;
463 944 514 1017 qui
528 952 650 1018 praeter
665 944 917 1008 consuetudinem
931 961 1042 1021 perpe-

51 1035 143 1088 tuam
156 1025 398 1102 populiRomanl
410 1026 542 1101 augendi
553 1027 635 1088 omni
646 1027 763 1088 honore
773 1030 1041 1102 regumsocioram

51 1111 260 1185 maiestatem,
275 1109 451 1170 domesticis
465 1109 536 1184 ipse
551 1109 701 1186 exemplis
715 1109 853 1170 Prusiam
867 1112 906 1172 ad
920 1127 1041 1186 prome

51 1194 186 1254 rendam
211 1193 371 1265 amicitiam
397 1209 485 1254 suam
506 1194 659 1268 compulit.
694 1195 820 1268 regulos
841 1209 876 1254 se
897 1202 1041 1270 acceptos

52 1281 86 1338 in
108 1278 204 1338 fldem
225 1277 255 1336 in
274 1277 423 1352 Hispania
446 1291 537 1352 reges
556 1274 736 1352 reliquisses
763 1274 960 1338 Masinissam
979 1292 1040 1338 non

53 1363 85 1421 in
110 1361 211 1437 patrio
232 1361 325 1420 modo
345 1360 468 1420 locasse
487 1375 599 1435 regno,
626 1359 681 1420 sed
704 1360 733 1420 in
751 1359 921 1438 Syphacis,
942 1375 1038 1436 aquo

52 1452 131 1504 ante
151 1443 300 1521 expulsus
322 1443 444 1517 luisset,
465 1459 594 1518 regnum
614 1444 817 1519 imposuisse;
840 1451 872 1504 ct
884 1459 957 1504 esse
971 1459 1041 1506 eum

52 1545 123 1588 non
138 1527 262 1588 *tincae
276 1527 369 1587 modo
383 1541 491 1602 regum
504 1529 596 1603 longe
613 1528 887 1605 opulentissimum,
902 1527 960 1588 sed
974 1533 1039 1590 toto

52 1613 88 1674 in
106 1610 348 1672 orbeterrarum
370 1611 466 1671 cuivis
487 1625 592 1686 regum
614 1613 663 1673 vei
683 1613 840 1672 maiestate
860 1611 909 1670 vel
925 1609 1040 1674 viribus

53 1711 182 1770 parem=
202 1692 375 1770 Philippum
388 1700 419 1754 et
431 1693 554 1769 Nabim,
569 1695 668 1758 bostis
683 1703 714 1756 et
727 1695 808 1756 bello
817 1699 987 1771 'superatos
1001 1695 1038 1754 ab

51 1779 91 1837 Τ.
100 1778 247 1852 Quinctio,
260 1783 361 1838 tamen
371 1778 403 1837 in
413 1793 509 1852 regno
520 1779 654 1840 relictos.
670 1778 810 1854 Philippo
823 1779 947 1854 quidem
958 1795 1038 1839 anno

53 1862 258 1938 prioreetiam
270 1861 456 1936 stipendium
466 1862 629 1922 remissum
640 1869 671 1922 et
681 1862 776 1922 fllium
787 1861 925 1922 obsidem
937 1861 1039 1922 reddi·

54 1955 138 2019 tum,
158 1953 189 2006 et
201 1945 359 2020 quasdam
376 1945 513 2005 civitates
529 1952 616 2005 extra
628 1945 840 2006 Macedoniam
855 1945 1039 2020 patientibus

53 2028 206 2091 Romanis
217 2028 451 2104 imperatoribus
462 2027 620 2104 recepisse
631 2045 710 2090 eum.
732 2030 762 2089 in
777 2027 886 2089 eadem
896 2027 1040 2102 dignitate

53 2120 90 2172 et
106 2111 216 2173 Nabim
234 2114 369 2174 futurum
389 2112 501 2184 luisse,
525 2113 584 2172 nisi
605 2129 674 2175 eum
695 2129 772 2174 suus
793 2111 925 2188 primum
945 2111 1038 2186 furor,

52 2197 173 2258 deinde
187 2198 271 2257 lraus
284 2199 461 2258 Aetolorum
477 2195 712 2273 absumpsisset.
733 2196 864 2258 maxime
879 2195 1038 2256 conlirma-

54 2290 106 2341 tns
129 2287 179 2340 est
199 2279 318 2340 animus
337 2281 436 2356 regis,
459 2288 625 2356 postquam
645 2281 685 2342 ad
705 2297 775 2342 eum
793 2280 825 2342 c.
845 2279 965 2352 Livius,
987 2278 1038 2354 qui

55 2369 184 2438 praetor
198 2371 268 2424 ante
282 2365 374 2425 classi
389 2366 575 2440 praefuerat,
596 2367 715 2439 legatus
730 2366 769 2424 ab
782 2365 881 2426 Roma
895 2363 992 2436 venit,
1008 2369 1039 2422 et

53 2448 197 2522 edocuit,
222 2455 336 2524 quanto
357 2455 388 2508 et
404 2463 478 2524 spes
498 2447 645 2508 victoriae
659 2449 769 2508 certior
782 2447 928 2506 Romanis
945 2461 1038 2519 quam

55 2529 213 2592 Antiocho
234 2539 265 2592 et
284 2531 416 2591 amicitia
436 2530 572 2592 sanctior
591 2528 769 2606 firmiorque
783 2529 866 2604 apud
881 2529 1038 2588 Romanos

55 2616 160 2676 lutura
174 2623 268 2676 esset.
308 2667 311 2671 .

140 2698 248 2759 XXVI.
257 2749 260 2754 .
269 2699 440 2761 Antiochus
461 2707 625 2776 postquam
639 2714 658 2758 a
672 2710 730 2772 spe
744 2696 899 2757 societatis
912 2692 1039 2754 Prusiae
1057 2756 1061 2764 ,

54 2781 186 2855 decidit,
204 2781 363 2859 -Ephesum
384 2784 422 2845 ab
438 2783 587 2846 Sardibus
602 2789 650 2845 est
667 2780 825 2858 proiectus
840 2781 881 2842 ad
895 2779 1036 2852 classem,

56 2881 138 2940 qnae
154 2881 210 2942 per
223 2866 340 2944 aliquot
356 2883 479 2928 menses
491 2868 638 2928 instructa
647 2881 684 2927 ao
695 2871 802 2941 parata
813 2866 920 2940 iuerat,
934 2861 1038 2924 visen-

56 2949 144 3024 dam,
166 2951 264 3027 magis
280 2953 352 3026 quia
364 2953 560 3012 terrestribus
575 2951 674 3028 copiis
689 2949 856 3012 exercitum
869 2949 1039 3010 Romanurn

54 3040 87 3093 et
93 3034 175 3095 duos
183 3034 345 3110 Scipiones
356 3035 556 3110 imperatores
567 3034 692 3095 videbat
702 3034 846 3096 sustiueri
857 3049 918 3094 non
932 3045 1038 3108 posse,

56 3132 152 3192 quam
169 3120 253 3194 quod
267 3133 319 3178 res
334 3119 452 3179 navalis
466 3117 537 3195 ipsa
550 3133 607 3194 per
624 3135 660 3178 se
674 3125 725 3178 aut
739 3124 885 3193 temptata
898 3113 959 3177 sibi
972 3129 1037 3175 um·

55 3215 151 3275 quam
172 3202 299 3262 feliciter
319 3209 372 3263 aut
390 3210 462 3262 tunc
482 3217 611 3277 magnae
632 3209 663 3263 et
676 3207 777 3262 certae
797 3200 929 3261 lidueiae
944 3205 1037 3258 asset

54 3291 122 3345 crat
143 3292 244 3346 tanen
265 3291 449 3347 momentum
470 3285 501 3344 in
522 3285 698 3360 praesentia
718 3284 801 3360 spei,
824 3282 909 3358 quod
929 3288 960 3341 et
974 3295 1037 3340 ma-

54 3381 146 3440 guam
167 3375 285 3445 partem
299 3368 439 3430 Rhodiae
454 3370 563 3430 classis
579 3367 661 3430 circa
673 3367 782 3429 Patara
796 3379 868 3427 esse
883 3371 914 3427 ct
926 3363 1037 3424 Eume-

56 3466 125 3511 nem
146 3467 251 3528 regem
266 3467 335 3513 cum
349 3451 491 3514 omnibus
506 3453 637 3512 navibus
654 3451 718 3512 suis
734 3449 853 3511 consuli
868 3445 990 3508 obviam
1005 3446 1036 3506 iu
