2506 3898
234 250 348 310 amaa
363 247 523 309 maxum.
548 227 897 319 carcanensi
988 245 1050 309 aar

71 405 192 467 modico
207 403 285 464 inter
299 416 334 462 se
350 400 492 462 distantia
506 400 681 474 intervallo,
696 415 790 460 unum
806 399 966 460 castellum
980 399 1049 459 loco

72 490 153 551 adito
174 494 281 548 eontra
300 501 403 547 arcem
424 483 545 546 obiecit.
581 499 620 546 ea
640 481 743 544 omnia
756 484 838 545 vallo
854 489 947 560 atque
964 484 1053 542 fossa

72 573 112 634 ita
125 573 252 647 iungere
272 576 375 646 parat,
396 584 436 628 ne
454 567 555 630 exitus
570 567 699 630 inclusis
713 568 752 628 ab
765 568 843 629 urba
857 583 936 628 neve
950 565 1051 628 aditus

73 657 145 717 ioris
158 656 199 716 ad
214 653 327 717 auxilia
340 651 567 715 intromittenda
581 659 674 715 esset.
710 653 750 712 ad
764 653 874 712 lamam
891 666 1051 728 oppugna·

73 740 161 801 tionis
174 737 358 799 Amhraciae
377 737 509 798 Stratum
532 737 591 798 iam
613 736 713 798 edicto
735 735 879 798 Nicandri
899 734 1051 812 praetoris

73 822 399 884 convenerantAetoli.
419 821 492 882 inde
507 821 606 898 primo
621 813 720 896 copiis
736 819 878 882 omnibns
893 820 934 881 ad
947 817 1051 896 prohi-

73 906 202 968 bendam
223 905 417 968 obsidionem
436 906 543 967 venire
562 903 595 966 in
617 905 719 966 animo
735 905 843 966 iuerat.
880 905 950 964 dein
966 910 1051 980 post-

74 1006 162 1067 quam
176 991 283 1053 urbem
297 989 357 1050 iam
373 1005 484 1066 magna
497 1005 537 1052 ex
552 994 640 1065 parte
655 987 801 1064 operibus
816 995 954 1064 saeptam
968 986 1052 1047 vide·

73 1079 153 1150 runt,
173 1075 369 1150 Epirotarum
387 1082 473 1135 trans
494 1072 608 1134 flumen
630 1075 699 1134 loeo
721 1073 814 1147 plano
836 1078 938 1133 castra
951 1071 1053 1148 posita

73 1173 150 1231 esse,
166 1158 307 1220 dividere
321 1157 430 1234 copias
445 1157 569 1234 placuit.
603 1172 673 1218 cunr
687 1157 768 1216 mille
782 1155 935 1231 expeditis
949 1155 1052 1230 Eupo-

75 1243 168 1304 lemus
182 1242 377 1304 Ambraciam
397 1241 555 1319 profectus
576 1257 633 1318 per
645 1233 782 1302 nondum
797 1240 962 1300 commissa
976 1239 1054 1300 inter

73 1341 106 1385 se
120 1327 307 1388 munimenta
319 1326 427 1387 urbem
442 1324 572 1386 intravit.
594 1325 747 1386 Nicandro
763 1339 832 1384 cum
847 1330 950 1384 cetera
962 1337 1054 1382 manu

74 1409 169 1483 primo
183 1410 379 1488 Epirotarum
400 1417 502 1471 castra
518 1416 609 1470 nocte
624 1407 753 1484 adgredi
768 1405 930 1469 consilium
945 1407 1052 1477 luerat,

73 1492 153 1554 haud
177 1496 259 1557 facili
279 1495 318 1556 ab
341 1494 486 1557 Romanis
508 1492 638 1566 auxilio,
666 1492 739 1569 quia
759 1491 874 1554 ilumen
894 1492 1053 1553 intererat:

73 1576 399 1655 deindepcriculosum
410 1579 567 1654 inceptum
578 1586 723 1654 retusae
738 1593 819 1652 quae
833 1575 980 1638 sentirent
992 1575 1054 1637 Ro·

73 1660 152 1722 mani
172 1669 204 1724 et
222 1677 386 1738 regressus
400 1662 473 1722 inde
493 1661 523 1720 in
545 1667 609 1722 tuto
630 1676 693 1721 non
714 1669 813 1734 esset,
836 1660 998 1721 deterritus
1015 1658 1054 1718 ab

72 1741 130 1804 hoc
145 1745 275 1806 consilio
291 1745 331 1806 ad
345 1745 596 1820 depopulandam
606 1745 811 1805 Acarnaniam
824 1743 883 1806 iter
895 1743 1054 1806 convertit.

72 1826 110 1884 V.
133 1831 243 1890 consul
263 1829 324 1888 iam
343 1827 553 1900 munimentis,
576 1826 689 1903 quibus
710 1828 879 1902 saepienda
889 1829 966 1888 urbs
981 1834 1056 1900 erat,

74 1909 133 1970 iam
154 1911 315 1988 operibus,
342 1927 422 1988 quae
443 1911 609 1972 admovere
628 1911 728 1972 muris
745 1909 888 1986 parabat,
910 1910 1055 1986 perlectis

74 1993 211 2070 quinque
230 1996 321 2056 simul
341 1996 418 2056 loeis
439 1994 562 2056 moenia
582 2003 630 2056 est
644 1995 823 2070 adgressus.
852 1995 909 2055 tria
929 1994 1056 2072 paribus

75 2073 240 2141 intervallis
269 2079 405 2140 faciliore
430 2080 515 2140 aditu
534 2095 552 2140 a
574 2095 684 2156 campo
710 2079 862 2140 adversus
886 2077 1057 2158 Pyrrheum

77 2163 159 2236 quod
172 2168 287 2226 vocant
299 2163 450 2236 admovit,
468 2163 564 2224 unum
578 2178 597 2224 e
610 2163 738 2240 regione
752 2163 947 2246 Aesculapii,
961 2176 1057 2224 unum

77 2244 223 2310 adversus
250 2262 362 2308 arcem.
397 2247 543 2310 arietibus
568 2263 673 2310 muros
700 2247 871 2326 quatiebat,
898 2245 1056 2308 asseribus

78 2327 190 2393 laicalis
212 2331 392 2406 detergebat
411 2331 533 2406 pinnas.
566 2333 743 2408 oppidanos
766 2333 864 2408 primo
886 2339 917 2393 et
931 2333 971 2393 ad
986 2346 1056 2407 spe·

78 2409 151 2473 ciem
166 2422 197 2478 et
210 2415 252 2477 ad
266 2413 346 2476 ictus
359 2415 514 2474 moenium
534 2429 604 2476 cum
623 2415 749 2476 terribili
770 2415 874 2476 sonitu
887 2415 987 2476 editos
1003 2431 1057 2490 pa-

77 2510 129 2556 vor
142 2514 179 2560 ac
192 2497 357 2575 trepidatio
373 2496 463 2573 cepit.
485 2496 597 2559 deinde
612 2505 645 2559 ut
658 2505 780 2574 praeter
795 2513 883 2574 spem
899 2503 980 2558 stare
992 2513 1055 2556 mu·

77 2593 126 2640 ros
136 2580 287 2655 viderunt,
301 2581 438 2644 collectis
449 2597 559 2642 rursus
570 2582 679 2642 animis
690 2581 839 2642 inarietes
850 2580 1057 2643 tollenonibus

77 2659 252 2729 libramenta
272 2665 388 2743 plumbi
409 2673 461 2727 aut
474 2680 622 2728 saxorum
637 2665 797 2742 stipitesve
811 2664 958 2726 robustos
972 2664 1057 2725 ineu-

22 2803 28 2816 ,
77 2744 201 2824 tiebant;
225 2752 337 2824 laicas,
353 2751 477 2811 ancoris
494 2750 603 2812 ferreis
618 2750 736 2832 iniectis
750 2749 783 2810 in
798 2748 973 2812 interiorem
988 2763 1056 2824 par-

78 2833 134 2891 tem
146 2834 225 2898 muri
242 2833 395 2896 trahentes
411 2847 558 2910 asserem,
573 2834 838 2912 praefringebant3
861 2832 975 2894 adhoc
989 2849 1057 2894 eru*

78 2913 230 2984 ptionibus
256 2918 414 2980 nocturnis
440 2918 472 2978 in
499 2919 659 2981 custodias
684 2935 812 2996 operum
837 2925 868 2980 et
888 2916 1005 2979 diurnis
1026 2915 1055 2978 in

79 3000 222 3065 saronas
243 3005 322 3065 ultro
336 3009 485 3065 terrorem
499 2999 679 3066 inferebant.

157 3087 190 3147 ln
205 3087 267 3148 hoc
282 3094 364 3148 statu
377 3103 429 3148 res
445 3088 485 3148 ad
499 3087 694 3149 Ambraciam
709 3104 778 3150 cunr
793 3094 907 3159 essent,
923 3085 983 3146 iam
996 3090 1056 3146 Ae-

80 3165 130 3259 toli
150 3172 389 3249 apopulatione
413 3171 608 3233 Acarnaniae
634 3170 768 3234 Stratum
791 3171 954 3232 redierant.
986 3169 1058 3229 inde

79 3242 226 3317 Nicander
240 3261 364 3332 praetor
378 3271 467 3331 spem
482 3262 591 3318 nactus
607 3257 775 3318 solvendae
785 3256 908 3329 incepto
921 3253 991 3313 lorti
1003 3252 1055 3313 ob·

80 3329 219 3412 sidonis,
244 3338 443 3401 Nicodamum
471 3339 625 3418 quendam
650 3357 718 3402 cum
738 3335 856 3400 Aetolis
883 3334 1057 3412 quingentis

81 3412 268 3484 Ambraciam
288 3421 463 3486 intromittit.
492 3430 614 3507 noctem
635 3431 748 3486 certam
767 3431 952 3498 tempusque
967 3417 1057 3481 etiam

79 3501 174 3566 noctis
189 3506 358 3580 constituit,
378 3523 439 3584 quo
455 3508 541 3569 atilli
557 3509 595 3569 ab
610 3509 685 3570 urbe
700 3523 796 3583 opera
809 3503 958 3577 hostium,
976 3520 1056 3579 quae

118 3602 143 3646 r.
158 3604 220 3650 arvi
234 3608 310 3652 raas
325 3591 375 3650 iv.
814 3599 846 3651 al
