2482 3902
239 249 301 318 rm
378 247 494 309 arnae
507 245 639 310 amun.
662 243 800 308 meaa.
813 251 858 308 aa.
879 249 919 318 [ι.
933 247 967 300 υ.
981 266 1005 300 0.
1018 249 1083 318 aaa]

237 415 342 470 serant
356 411 471 481 portas,
487 399 686 462 circumdedit
699 397 822 458 moenia
835 393 979 466 crucum
1002 404 1033 457 et
1046 396 1109 456 iam
1128 412 1220 472 opera

237 487 412 552 admoventi
424 485 537 546 deditio
550 485 630 544 lacta
641 489 697 544 est.
719 480 800 541 idem
811 485 912 541 metus
924 479 1050 541 Sestum
1061 481 1219 541 incolentis

237 575 377 649 eliasque
392 568 577 631 Chersonesi
596 566 689 627 urbes
704 565 736 625 in
750 564 939 626 deditionem
954 564 1049 624 dedit.
1082 563 1217 643 Lysima-

238 659 338 718 chiam
358 655 429 716 inde
449 652 590 714 omnibns
611 650 701 712 simul
722 649 883 709 navalibus
904 648 1105 710 terrestribus
1128 651 1218 724 copiis

236 741 329 802 venit
345 755 438 817 quam
450 753 519 798 cunt
531 737 684 796 desertam
695 747 733 794 ac
744 738 869 793 stratam
881 747 983 808 prope
994 747 1120 794 omnem
1131 731 1218 793 ruinis

238 826 463 886 invenisset—
477 826 623 897 ceperant
653 825 755 879 autem
782 815 998 892 direptamque
1024 815 1220 876 incenderant

237 909 370 970 Thraces
396 906 504 982 paucis
529 909 599 965 ante
622 899 780 974 annis—,
809 899 922 976 cupido
949 915 1020 960 eum
1043 900 1220 961 restituendi

238 993 371 1054 nobilem
395 991 503 1052 urbem
527 995 558 1050 et
581 988 650 1048 loco
677 985 766 1046 sitam
791 989 969 1060 opportuno
994 985 1089 1059 cepit.
1125 985 1220 1059 itaque

240 1077 342 1140 omnia
359 1075 450 1138 simul
464 1080 512 1134 est
526 1071 710 1148 adgressus,
732 1074 763 1129 et
775 1075 856 1129 tecta
874 1083 981 1129 muros
994 1068 1178 1141 restituere,
1197 1077 1221 1126 et

239 1161 349 1239 partim
367 1159 519 1220 redimere
539 1153 699 1218 servientis
720 1151 997 1231 Lysimachenses
1019 1153 1134 1228 partim
1158 1154 1220 1226 luga

241 1261 372 1322 sparsos
398 1259 455 1318 per
473 1242 705 1316 Hellespontum
724 1235 1016 1313 Chersonesumque
1041 1237 1221 1314 conquirere

239 1339 270 1390 et
290 1327 485 1401 contrahere,
509 1325 618 1399 partim
639 1337 739 1384 novos
761 1321 892 1382 colonos
912 1337 971 1397 spe
992 1322 1221 1384 commodorum

239 1413 401 1490 proposita
421 1409 613 1480 adscribere,
635 1413 666 1466 et
686 1405 768 1466 omni
788 1405 882 1466 modo
897 1405 1116 1480 frequentare:
1140 1405 1220 1466 simul

239 1504 273 1559 ut
286 1496 436 1556 Thracum
451 1496 694 1554 summoveretur
708 1495 822 1564 metus,
837 1489 908 1564 ipse
921 1495 1009 1565 parte
1024 1487 1158 1550 dimidia
1173 1499 1220 1550 ter-

239 1579 383 1640 restrium
398 1574 557 1652 copiarum
574 1573 614 1634 ad
630 1573 847 1648 depopulanda
862 1573 1005 1648 proxima
1015 1573 1170 1634 Thraciae
1184 1581 1222 1633 est

240 1663 416 1739 profectum
445 1665 563 1734 partem
587 1656 769 1733 navalisque
794 1657 893 1718 omnis
919 1655 1025 1720 socios
1050 1657 1179 1734 reliquit
1198 1659 1221 1716 iu

241 1745 387 1822 operibus
401 1743 586 1804 reficiendae
600 1739 696 1806 urbis.
1239 1739 1240 1752 ¹

324 1827 456 1890 xxxlx.
481 1825 546 1890 Sub
560 1826 620 1888 hoc
634 1831 756 1902 tempus
771 1833 801 1886 et
814 1826 847 1884 L.
865 1826 1040 1900 Comellus,
1056 1826 1178 1888 missus
1193 1827 1223 1885 ab

241 1919 352 1976 senatu
378 1912 420 1974 ad
446 1911 615 1974 dirimenda
641 1911 719 1971 inter
743 1908 930 1974 Antiochum
956 1909 1225 1986 Ptolemaeumque

242 2013 331 2074 reges
345 1996 518 2071 certamina,
527 1993 718 2074 Selymbriae
730 1993 879 2066 substitit;
895 2001 926 2056 et
936 1995 1046 2056 decem
1056 1995 1225 2070 legatorum
1238 2013 1239 2044 ι

241 2082 273 2141 P.
286 2083 431 2142 Lentulus
445 2077 636 2156 chrgyliis,
647 2077 680 2138 P.
691 2077 803 2141 Villius
814 2085 845 2140 et
854 2079 888 2144 L.
900 2078 1061 2140 Terentius
1074 2079 1118 2140 ab
1127 2079 1226 2140 Thaso

242 2164 467 2244 Lysimachiam
488 2163 648 2239 petierunt.
682 2161 793 2224 eodem
814 2170 845 2224 et
858 2163 897 2224 ab
914 2161 1093 2242 Selymbria
1107 2163 1142 2222 L.
1162 2165 1226 2225 cor-

241 2249 340 2310 nelius
361 2253 445 2309 etex
457 2246 585 2307 Thracia
604 2261 722 2322 paucos
744 2253 817 2322 post
837 2245 905 2308 dies
919 2245 1095 2308 Antiochus
1118 2264 1227 2310 conve

242 2339 361 2394 nerunt.
390 2332 507 2408 primus
528 2345 717 2406 congressus
732 2346 801 2392 cum
815 2329 925 2408 legetis
940 2339 970 2392 et
986 2331 1141 2408 deinceps
1159 2333 1238 2392 invia

243 2416 314 2480 tatio
335 2416 468 2493 benigna
489 2421 520 2476 et
532 2414 693 2491 hospitalis
714 2414 780 2476 luit.
812 2421 847 2476 ut
860 2415 900 2476 de
913 2415 1066 2476 mandatis
1084 2423 1238 2493 statuque

242 2502 397 2578 praesenti
409 2498 506 2562 Asiae
527 2499 576 2576 agi
597 2506 741 2575 coeptum
762 2505 824 2572 est,
846 2499 939 2560 animi
953 2497 1136 2576 exasperati
1153 2509 1228 2562 sunt.

241 2586 371 2650 Romani
392 2585 494 2647 omnia
514 2592 583 2645 acta
597 2585 680 2658 eius,
700 2598 740 2644 ex
756 2600 818 2659 quo
833 2591 972 2660 tempore
986 2583 1026 2644 ab
1042 2583 1140 2663 Syria
1156 2588 1232 2647 clas-

242 2686 309 2731 sem
322 2672 477 2741 solvisset‚
494 2667 659 2745 displicere
672 2668 792 2729 senatui
804 2682 866 2728 non
878 2667 1127 2744 dissimulabant,
1144 2671 1219 2730 resti
1236 2719 1237 2746 ,

241 2754 348 2828 tuique
369 2761 401 2816 et
418 2753 593 2814 Ptolemaeo
617 2767 724 2814 omnes
746 2749 884 2814 civitates
907 2769 989 2830 quae
1009 2753 1148 2814 dicionis
1168 2749 1237 2815 elusi

242 2836 374 2898 luissent
395 2852 527 2913 aequum
548 2837 729 2898 censebant:
759 2853 830 2898 narn
852 2838 937 2913 quod
957 2835 998 2898 ad
1018 2853 1075 2898 eas
1091 2838 1230 2899 civitates

242 2919 383 2981 attineret
404 2935 481 2995 quas
496 2935 514 2980 a
527 2919 669 2996 Philippo
690 2937 859 2998 possessas
873 2921 1046 2984 Antiochus
1061 2938 1122 2997 per
1140 2938 1230 2984 oeca-

243 3002 378 3079 sionem,
405 3019 515 3066 averso
537 3003 679 3082 Philippo
700 3007 730 3066 in
751 3007 922 3069 Romanum
944 3006 1074 3082 bellum,
1096 3005 1201 3068 intere

242 3087 350 3165 pisset,
365 3088 397 3150 id
408 3104 481 3149 vero
493 3090 653 3152 ferendum
666 3108 728 3153 non
739 3107 821 3165 esse,
833 3092 992 3154 Romanos
1003 3105 1060 3166 per
1072 3097 1119 3153 tot
1131 3107 1217 3152 anno

242 3179 325 3233 terra
344 3174 483 3249 marique
503 3180 586 3236 tanta
600 3176 737 3251 pericula
751 3191 789 3237 ac
802 3176 926 3238 labores
941 3174 1146 3250 exhausisse,
1171 3177 1221 3236 An

194 3261 199 3270 ‘
242 3255 377 3320 tiochum
394 3257 466 3318 belli
482 3260 618 3335 praemia
632 3259 756 3321 habere.
789 3261 847 3322 sed
860 3268 894 3323 ut
908 3260 938 3321 in
953 3259 1061 3322 Asiam
1076 3260 1218 3321 adventu

242 3343 308 3403 eins
329 3341 514 3404 dissimulari
533 3344 570 3404 ab
585 3345 732 3406 Romanis
747 3352 902 3421 tamquam
917 3344 991 3406 nihil
1008 3345 1049 3405 ad
1064 3361 1122 3408 eos
1137 3362 1185 3421 pe
1214 3345 1221 3360 '

243 3441 319 3487 nens
334 3429 475 3503 potuerit,
493 3428 589 3504 quidt
603 3430 688 3506 quod
700 3430 759 3490 iam
771 3431 861 3491 etiam
873 3430 902 3490 in
913 3429 1073 3505 Europam
1085 3431 1196 3492 omnib

243 3509 403 3572 navalibus
429 3513 686 3589 terrestribusque
711 3513 810 3590 copiis
839 3513 1007 3588 transierit,
1037 3519 1194 3590 quantum
