2506 3898
239 197 354 261 multu
367 201 529 263 XXXVIII.
551 203 634 264 CAP.
644 215 688 266 45.
700 213 744 267 lt.
768 211 804 278 [e.
818 211 925 280 0187]
1011 209 1073 276 etl

98 354 265 416 temeritate
278 352 481 431 imperatoris,
499 358 584 418 nullo
597 357 733 432 gentium
743 357 809 418 iure
820 358 932 419 bellum
942 357 1080 424 inform

94 439 151 510 lis,
170 449 289 514 poenas
309 439 394 500 luere
412 441 583 502 eumoitnm
596 441 775 512 noluerunt;
797 440 909 502 deinde
924 446 1007 519 quod
1022 447 1074 506 be

94 523 173 595 luas,
188 532 254 582 non
265 521 365 582 hostis
377 523 467 584 nobis
483 523 690 586 obiecerunt‘*
709 525 814 586 XLVI.
835 527 949 600 ‚polim
963 541 1075 590 nomen

95 612 214 668 tantum
235 605 410 666 existimare
429 607 556 672 mixtum
573 623 646 669 esse
667 607 951 683 Gallograecorum
980 615 1076 674 mullo

95 696 168 750 anie
182 695 212 748 el
230 703 365 766 corpora
385 697 415 750 et
429 691 520 760 anirui
539 689 625 752 mixli
640 706 677 750 ao
690 691 785 752 vitiati
801 699 881 754 sunt.
914 710 970 768 on,
991 697 1019 756 si
1032 697 1075 757 illi

95 772 173 833 Galli
193 775 298 835 essent
310 777 386 836 'eum
413 775 524 850 qrribus
547 775 678 835 milliens
696 775 783 837 nario
804 781 918 838 euentu
937 778 969 840 io
989 780 1076 841 Italia

91 863 261 932 pugnatum
275 863 331 930 est,
348 864 493 932 quantum
507 858 538 918 in
553 858 737 935 imperatore
750 867 855 921 vestro
869 861 934 935 luit,
949 863 1078 924 nuntius

91 939 179 1000 illine
189 938 346 1001 redisset?
366 941 416 1000 bis
429 955 498 1003 eum
512 941 552 1001 iis
564 948 733 1016 pugnatum
747 949 803 1016 est
819 943 867 1003 bis
881 945 956 1006 lueo'
966 947 1075 1022 iniquo

92 1023 202 1098 subill‚
218 1023 260 1082 'in
282 1025 360 1084 valle
385 1023 531 1085 inferiore
549 1021 682 1099 pedibus
702 1040 805 1100 paone
822 1025 955 1088 hostium
977 1031 1075 1090 aoiem

92 1106 234 1168 subiecit
254 1113 288 1168 ut
302 1123 364 1168 non
379 1107 440 1168 tela
453 1121 494 1167 ex
507 1107 670 1183 superiore
684 1109 753 1170 loeo
764 1109 923 1185 mitterent,
938 1113 995 1172 eod
1006 1127 1072 1172 oor·

90 1205 173 1267 pora
185 1205 242 1251 sira
255 1191 339 1252 nudo
351 1191 507 1265 inicerent,
523 1191 653 1252 obruere
664 1209 724 1254 nos
734 1199 905 1268 potnerunt
930 1195 1005 1270 quid
1018 1195 1073 1270 igi·

90 1281 145 1335 tur
162 1273 289 1334 inuidit‘l
315 1289 429 1350 magna
447 1275 569 1335 lorluna
583 1276 691 1350 populi
703 1277 833 1337 Romani
847 1282 908 1352 ost,
929 1292 1074 1352 magnum
1140 1328 1142 1332 ,

93 1364 128 1417 ei
140 1357 276 1418 terribile
293 1368 414 1418 nomeu.
441 1359 556 1420 recenti
569 1359 662 1419 ruins
671 1358 850 1420 Hannibalis
864 1359 996 1436 Philippi
1009 1363 1073 1423 An-

89 1440 186 1502 tieem
200 1453 301 1517 prope
315 1442 434 1503 ettoniti
448 1447 549 1502 orant:
571 1448 675 1504 lautae
684 1451 849 1518 eorporum
861 1445 957 1506 moles
970 1445 1075 1508 lundis

90 1525 275 1602 sagittisque
294 1525 324 1586 in
346 1525 450 1601 mfgarn
471 1532 685 1586 consternatae
705 1535 793 1602 sunl,
811 1527 933 1603 gladius
954 1529 984 1587 in
1006 1530 1075 1588 aule

90 1613 270 1670 euentum
283 1619 346 1670 non
361 1616 409 1670 est
421 1609 538 1671 Gallioo
549 1609 650 1680 bell03
666 1613 750 1672 velut
764 1611 866 1673 avium
880 1612 1022 1672 examina
1032 1613 1074 1672 ad

90 1693 242 1768 crepitum
263 1691 393 1767 primum
413 1692 574 1754 missilium
596 1695 768 1755 evolavere.
797 1701 828 1756 al
846 1695 972 1756 hercule
991 1694 1074 1756 idem

88 1791 161 1850 nos,
170 1775 359 1836 admonente
371 1777 501 1850 fortuna,
517 1775 601 1850 quid,
611 1777 643 1836 si
653 1777 1008 1851 hostemhalruiseemua
1021 1793 1072 1838 ea·

90 1875 199 1920 suumn
213 1857 334 1931 inisset,
348 1873 418 1918 oum
431 1857 595 1920 redeuntes
609 1858 640 1916 in
654 1859 842 1921 latrunculos
851 1859 985 1920 Thracas
998 1863 1076 1921 inoi·

90 1942 260 2015 edissemus,
274 1942 367 2016 oaesi,
381 1941 484 2017 suuni,
502 1941 585 2002 exuli
596 1941 820 2016 impedimentis
834 1958 950 2004 sumus.
974 1943 1007 2016 Q.
1017 1943 1071 2002 ltli·

89 2025 204 2086 nuoius
218 2025 380 2100 Thermus,
400 2025 432 2084 in
454 2041 516 2100 quo
536 2025 621 2086 haud
641 2027 732 2100 paulo
755 2027 826 2102 plus
845 2026 946 2087 damni
960 2026 1074 2088 leolum

91 2115 150 2184 est,
166 2121 257 2185 quam
272 2109 299 2169 si
314 2109 366 2170 Cn.
382 2109 528 2184 Manlius,
544 2109 632 2169 ouius
646 2110 815 2171 temeritate
828 2126 866 2172 ea
880 2110 985 2170 clades·
998 2109 1071 2169 inei·

91 2194 188 2266 duat,
204 2193 345 2268 perisset
358 2205 427 2254 cum
438 2193 539 2254 mullis
550 2192 626 2254 viris
636 2193 767 2256 lontibus
779 2191 903 2264 oeoidil;
919 2192 1075 2254 enormius

91 2275 195 2352 spolia
213 2276 296 2350 regis
310 2276 454 2338 Antiochi
474 2277 611 2338 referens
632 2277 777 2338 trifariam
794 2277 977 2356 dissipatus,
1001 2276 1073 2338 alibi

90 2361 232 2437 primun,
248 2359 320 2420 alibi
334 2367 522 2436 postremum
536 2369 655 2434 agmen,
669 2360 741 2422 alibi
755 2360 982 2436 impedimenta,
995 2361 1074 2422 inter

90 2459 205 2519 vepres
220 2443 251 2503 in
265 2442 389 2504 latebris
409 2443 542 2504 ferarum
556 2449 678 2504 noelent
691 2453 784 2504 unam
798 2443 924 2504 delituit
953 2459 1010 2518 pro
1023 2443 1074 2504 liis

90 2527 264 2602 triumplos
286 2527 418 2602 petitura
444 2526 471 2586 sl
487 2525 560 2585 nihil
573 2525 604 2586 in
618 2525 747 2586 Thraoia
761 2525 859 2586 eladis
874 2525 1072 2600 ignominiae-

92 2627 154 2687 que
168 2612 247 2671 leret
259 2616 433 2686 aceeptum,
454 2610 493 2670 de
508 2608 621 2684 quibus
634 2609 775 2672 hostibus
789 2607 975 2684 inlumphum
988 2615 1073 2684 pete·

91 2702 165 2756 resi
188 2695 288 2769 dolis,
305 2700 338 2754 ut
351 2693 469 2770 opinor,
486 2709 566 2768 quos
578 2692 633 2754 tilii
646 2692 753 2754 hostes
769 2701 894 2754 senatus
909 2699 962 2753 aut
972 2707 1071 2766 popu-

92 2780 142 2839 lue
153 2778 312 2839 Romanus
333 2776 480 2838 dedisset.
513 2777 558 2837 sie
578 2776 649 2836 huie
668 2775 702 2836 L.
718 2775 870 2852 Scipioni,
894 2777 938 2836 sio
959 2775 1001 2834 illi
1021 2774 1071 2834 Μ’.

92 2861 192 2922 Aoilio
214 2861 253 2921 de
272 2875 346 2935 rege
365 2859 534 2932 Antioolm,
556 2860 601 2920 sie
623 2861 716 2935 perulo
737 2867 808 2921 ante
827 2861 859 2922 T.
877 2859 1015 2934 eriuotlo
1034 2859 1074 2918 de

92 2961 166 3020 rege
179 2943 336 3020 Philippo,
358 2944 403 3004 sio
417 2943 450 3002 P.
465 2943 612 3004 Airioano
632 2944 673 3006 de
685 2944 856 3006 Hannibale
873 2951 904 3004 et
916 2941 1028 3003 Poenis
1043 2948 1073 3001 el

93 3027 240 3108 Syphace
250 3027 421 3103 triumphus
430 3027 534 3088 datus.
551 3035 581 3088 et
590 3025 713 3088 minima
723 3028 783 3104 illa,
794 3044 862 3090 oum
873 3029 931 3088 iam
945 3031 1074 3087 senatus

93 3113 267 3174 censuisset
279 3111 406 3184 bellum,
429 3111 568 3185 quaesita
582 3118 683 3172 lamen
697 3118 783 3184 sunl,
806 3111 918 3186 qubus
932 3107 1072 3172 nuntian-

93 3197 166 3257 dum
178 3202 279 3266 ossele
300 3195 378 3270 ipris
388 3195 494 3268 utique
504 3192 628 3268 regibus
640 3195 837 3266 nuntiaretur,
850 3209 889 3254 an
902 3193 976 3254 satis
989 3197 1072 3251 esset

93 3279 134 3340 ad
154 3278 343 3357 pruesidlum
360 3277 489 3352 aliquod
508 3279 648 3340 nuntiari.
682 3277 774 3340 vultis
790 3292 863 3352 ergo
877 3274 955 3336 haee
970 3274 1070 3335 omniu

92 3364 189 3442 pollui
204 3371 235 3425 el
249 3362 410 3436 eonlundi,
429 3359 493 3422 tolli
507 3359 620 3422 fetialia
633 3361 714 3435 iure,
730 3361 831 3424 mullos
846 3374 918 3420 esse
933 3355 1074 3420 relisisse

91 3449 154 3525 liat,
169 3462 248 3526 peoe
259 3447 352 3506 deum
364 3445 500 3520 dixerim,
515 3445 630 3506 lactura
639 3443 806 3520 religionis,
820 3442 932 3506 oblivio
944 3443 1072 3504 deorum
