2506 3898
180 191 245 258 862
314 191 429 254 LIBER
439 190 600 254 XXXVIII.
622 188 705 250 cte.
719 195 765 253 te.
775 195 820 252 47.
842 195 881 263 [e.
894 193 929 248 ll.
941 211 965 246 c.
978 193 1043 260 ⁵65]

180 345 283 422 capiat
296 351 551 420 pectorevestraz
573 357 646 402 num
658 347 799 403 senmnm
810 343 1080 417 quoquedebello
1092 358 1167 406 eon·

180 429 241 492 suli
261 443 323 488 non
346 429 465 504 placett
485 442 546 488 non
566 427 607 486 ad
620 426 769 502 populum
783 425 869 500 terri,
891 426 986 487 velint
999 425 1169 488 iubeantne

180 529 250 575 oum
273 512 365 573 Gallis
386 510 500 572 bellum
518 510 607 585 gerit
626 509 719 572 modo
741 516 823 570 certe
843 510 989 570 consules
1005 510 1167 573 Graeciam

180 604 274 672 etque
287 594 395 656 hiem
414 594 568 655 volebant
601 601 702 654 tamen
723 591 997 669 perseverantibus
1010 594 1104 654 vobis
1118 595 1166 656 li·

179 695 273 756 gnres
288 678 477 756 provinciam
491 677 660 740 decernere
674 677 755 738 dioto
771 677 1080 739 audientesluernnt
1100 693 1165 740 me-

179 764 238 824 rito
253 777 327 838 ergo
341 778 361 823 a
377 761 467 822 vobis
482 775 634 836 prospere
647 761 729 824 bello
744 769 834 836 gesto
848 759 1034 836 triumphum
1048 767 1165 838 petent,

182 847 296 922 quibus
308 845 487 906 eaotoribus
501 851 696 920 gesserunt.“

262 928 379 990 XLVII.
401 929 484 990 Talis
498 929 597 989 oratio
610 927 692 990 Furii
706 935 737 988 et
749 927 871 989 Aemilii
887 927 951 988 luit.
971 927 1123 988 Manlium
1135 929 1166 988 in

180 1013 261 1072 bunc
275 1013 409 1074 mamma
422 1013 548 1074 modum
561 1012 763 1088 respondisse
778 1011 893 1086 accepi.
916 1009 1049 1086 „tribuni
1064 1013 1164 1087 plebis

180 1103 271 1156 antea
286 1095 428 1158 solebant
439 1095 623 1172 triumphum
634 1095 861 1172 postulantibus
873 1094 1043 1169 adversari,
1058 1101 1164 1170 patres

181 1181 365 1256 conscripti;
388 1181 500 1255 quibus
515 1195 574 1256 ego
588 1179 715 1256 gretiam
729 1178 839 1253 habeo,
856 1179 941 1254 quod
952 1193 1009 1238 sen
1019 1178 1096 1238 mibi
1107 1195 1164 1240 seu

180 1263 380 1340 magnitudini
393 1279 496 1325 rerum
509 1270 665 1338 geetmum
679 1263 739 1324 boc
753 1262 919 1334 dederunt,
936 1268 969 1321 ut
983 1279 1046 1324 non
1062 1265 1163 1324 solum

181 1348 300 1408 silentio
316 1348 553 1422 comprobarent
564 1345 713 1408 bonorem
726 1361 842 1421 meum,
861 1347 918 1408 sed
931 1347 1049 1406 reterre
1063 1347 1154 1408 etiam

181 1431 208 1492 ei
224 1445 304 1504 opus
323 1436 421 1504 esset,
442 1431 620 1492 viderentur
638 1431 736 1506 parati
755 1445 843 1490 essex
866 1445 906 1490 ex
920 1429 1028 1490 decem
1043 1431 1161 1504 legatis,

181 1513 208 1574 si
223 1513 282 1573 diis
303 1514 418 1588 placet,
439 1513 523 1588 quod
538 1514 699 1574 eonsilium
714 1513 943 1589 dispensandae
957 1513 1161 1575 cohonesten-

180 1599 301 1672 deeque
321 1594 469 1656 victoriae
488 1596 723 1672 imperatoribus
742 1598 873 1658 maiores
889 1595 1160 1670 dederuntnoetrl,

182 1681 378 1742 adversarios
389 1679 505 1742 habeo.¹
520 1680 555 1742 L.
562 1681 671 1743 Furius
684 1690 714 1742 et
723 1681 912 1742 inanitus
923 1695 1048 1742 currum
1059 1679 1160 1742 mma-

181 1765 303 1844 phalem
316 1779 366 1825 me
380 1765 592 1826 conscendere
605 1765 776 1842 prohibent,
792 1780 936 1825 coronam
947 1763 1101 1839 insignem
1113 1779 1158 1824 ea-

181 1849 235 1928 piti
251 1849 425 1919 detrahente
448 1863 528 1924 quos
542 1864 610 1925 ego,
627 1849 654 1911 si
667 1849 779 1910 tribuni
794 1864 843 1909 me
858 1847 1047 1922 triumphare
1059 1847 1159 1922 prebi-

181 1934 305 2007 berent,
321 1939 417 1994 testes
433 1932 577 1995 citaturus
591 1935 633 1995 lui
648 1949 751 1996 rerum
765 1949 784 1992 a
797 1947 847 1993 me
860 1939 1025 2007 gestarum.
1048 1932 1159 1992 nullius

182 2017 322 2092 equidem
339 2016 461 2077 inmdeo
476 2016 599 2090 honori,
621 2025 724 2093 patres
740 2015 915 2091 conscripti.
949 2031 1008 2076 vos
1021 2015 1159 2076 tribunos

181 2099 282 2176 plebei
297 2115 404 2175 nuper,
418 2099 502 2160 viros
519 2101 614 2160 lortes
625 2117 663 2160 ec
674 2107 826 2175 strenuos,
843 2099 1046 2174 impedientes
1058 2100 1093 2174 Q.
1105 2099 1160 2162 Fa·

181 2181 222 2240 bii
240 2182 393 2243 Labeonis
418 2182 601 2256 triumphum
627 2185 805 2245 auctoritate
829 2190 933 2244 vestre
954 2183 1160 2245 deterruistisa

179 2264 383 2340 triumphavit,
399 2277 490 2340 quem
504 2280 566 2326 non
580 2265 693 2327 bellum
707 2267 852 2330 iniustum
870 2267 1017 2342 gessisse,
1034 2269 1093 2328 sed
1107 2267 1159 2327 ho·

181 2357 258 2410 stem
273 2348 472 2411 omnino-non
486 2349 605 2412 vidisse
618 2351 730 2414 inimici
744 2352 912 2414 iactabant=
937 2367 1006 2426 ego,
1022 2353 1075 2427 qai
1093 2367 1160 2412 cum

181 2438 302 2494 centum
314 2433 435 2494 milibus
449 2434 710 2498 teracissimorum
724 2435 856 2496 hostium
871 2435 967 2510 signis
982 2436 1102 2496 notatis
1118 2443 1161 2496 to-

180 2519 259 2580 tiens
280 2519 430 2594 pugnavi,
452 2520 505 2594 qui
524 2520 594 2595 plus
611 2520 812 2596 quadraginta
825 2520 907 2579 milia
920 2519 1079 2588 hominum
1092 2519 1161 2594 cepi

180 2610 232 2662 aut
243 2602 351 2676 occidi,
365 2602 418 2678 qul
428 2600 501 2664 bina
512 2611 613 2664 eastra
625 2620 731 2664 eorum
742 2603 927 2680 expugnati,
939 2604 992 2680 qui
1004 2605 1080 2666 citra
1090 2604 1161 2678 iuga

180 2685 270 2746 Tauri
290 2685 393 2746 omnia
413 2688 570 2761 pacatiora
588 2705 680 2763 quam
695 2695 776 2749 terra
789 2689 876 2748 ltalia
890 2695 938 2748 est
951 2689 1078 2764 reliqui,
1099 2703 1161 2747 non

180 2767 333 2843 triumpho
345 2771 436 2830 modo
450 2772 584 2845 fraudor,
595 2773 654 2832 sed
665 2787 789 2834 caueam
801 2773 884 2848 apud
896 2788 963 2847 vos,
971 2779 1076 2846 patres
1088 2787 1160 2832 con-

180 2851 296 2926 scripti,
309 2855 525 2912 accusantibus
536 2855 612 2913 meis
622 2852 692 2928 ipse
703 2856 901 2929 legatisdico.
917 2857 1033 2931 duplex
1044 2871 1160 2926 eorum,

181 2941 214 2994 ut
228 2933 492 3008 animadvertistis,
509 2942 614 3010 patres
631 2939 807 3014 conscripti,
824 2939 981 3000 accusatio
996 2938 1067 3000 luit:
1090 2954 1162 3000 nam

182 3033 239 3078 nec
258 3017 427 3093 gerendum
448 3018 521 3077 mibi
541 3019 640 3082 misse
653 3021 766 3083 bellum
782 3040 851 3084 cum
866 3024 975 3098 Gallis,
997 3031 1028 3084 et
1041 3029 1162 3098 gestum

180 3111 295 3163 temere
314 3108 406 3178 atque
426 3101 634 3177 imprudenter
649 3106 800 3168 dixerunt.
836 3123 899 3169 non
914 3114 1000 3168 erant
1013 3105 1092 3167 Galli
1106 3105 1161 3166 bo·

179 3193 260 3262 stes,
283 3187 339 3247 sed
353 3194 386 3247 tu
400 3200 455 3248 eos
470 3197 599 3262 pacatos
614 3188 762 3265 imperate
776 3192 924 3252 iacientes
938 3191 1070 3252 violasti.
1099 3203 1160 3250 non

180 3287 250 3330 sum
265 3271 473 3346 postulaturus
489 3287 508 3330 a
522 3271 621 3346 vobis,
637 3281 740 3347 patres
752 3276 927 3350 conscripti,
942 3281 976 3336 ut
987 3274 1067 3349 quae
1078 3289 1160 3334 com·

180 3355 310 3414 mnniter
335 3355 374 3412 de
394 3353 577 3431 immanitate
601 3357 701 3430 gentis
723 3356 879 3419 Gallorum
900 3358 940 3418 de
960 3358 1159 3418 intestissimo

180 3435 252 3492 odio
273 3435 305 3492 in
325 3451 436 3518 nomen
456 3439 626 3499 Romanum
647 3441 748 3512 scitis,
771 3456 809 3500 ea
828 3442 869 3500 de
887 3440 947 3501 illis
966 3455 1092 3517 quoque
1108 3437 1157 3518 qui
