2480 3904
202 207 265 276 260
364 205 479 266 LIBER
492 203 640 266 XXXVII.
663 201 746 262 cAP.
764 210 788 262 l.
811 207 848 274 [a.
862 207 900 258 U.
916 224 941 259 c.
956 206 1018 272 562]

203 359 413 437 queremibus,
438 357 478 418 ad
492 356 590 417 Canes
614 353 725 416 classis
747 352 847 423 venit;
880 318 995 412 etcum
1010 351 1070 411 iam
1083 351 1174 413 hiems

202 451 370 521 appeteret,
385 442 473 503 losse
486 439 630 514 valloque
645 437 840 498 circumdatis
855 451 952 496 naves
968 434 1146 496 subductae.

285 526 378 587 Exitu
391 523 463 584 anni
477 521 599 586 comitia
609 521 728 582 Romae
740 518 860 595 habita,
876 517 990 596 quibus
1005 519 1101 580 creati
1114 529 1176 580 sunt

202 611 348 672 consules
363 609 396 668 L.
413 606 571 669 cornelius
587 603 693 682 Scipio
708 611 739 665 et
754 603 785 665 C.
796 604 934 678 Laelius,
950 601 985 643 **
999 604 1174 664 intuentihus

202 694 321 756 cunctis
336 693 376 754 ad
390 691 558 752 finiendum
572 704 642 749 cum
657 687 810 750 Antiocho
831 687 955 748 bellum.
986 695 1115 762 postero
1135 687 1175 746 tlie

201 784 362 852 praetores
385 774 479 836 creati
497 774 538 833 Μ.
553 771 686 833 Tuccius
700 771 734 831 L.
750 771 977 832 Aurunculeius
993 771 1047 832 cn.
1060 771 1175 832 Fulvius

200 861 234 920 L.
251 858 400 921 Aemilius
415 858 446 917 P.
462 857 568 918 lunius
584 855 615 914 C.
630 855 753 916 Atinius
767 855 880 917 Labeo.

593 1027 798 1038 ffl———aq

525 1201 668 1298 llll
712 1200 855 1294 llvl

448 1349 506 1411 ΑΒ
537 1349 669 1411 URBE
703 1347 935 1412 CONDITA

548 1463 660 1526 ilcan
680 1461 828 1526 xxxvu.

606 1605 778 1618 ..w-...-

216 1727 364 1780 ΕΡΙΤΟΜΕ.
392 1729 421 1778 L.
432 1727 562 1778 Cornelius
573 1727 657 1794 Scipio
667 1729 756 1780 consul
763 1764 770 1789 ,
787 1729 871 1796 legato
884 1730 912 1779 P.
924 1726 1045 1793 Scipione
1054 1727 1176 1784 Africano,

253 1800 296 1862 qui
306 1812 334 1848 ae
343 1797 455 1864 legatum
465 1797 549 1848 fratris
559 1797 671 1848 futurum
682 1798 794 1856 dixerat,
814 1799 837 1848 si
851 1799 875 1848 ei
885 1795 990 1848 Graecia
999 1797 1135 1862 provincia
1142 1796 1176 1845 de-

253 1875 410 1926 cerneretur,
428 1881 486 1916 cum
505 1864 533 1916 G.
551 1867 651 1928 Laelio,
676 1869 720 1930 qui
739 1867 846 1916 multum
864 1867 891 1916 in
908 1873 999 1916 senatu
1016 1872 1133 1930 poterat,
1154 1877 1177 1910 ea

205 1975 208 1981 .
250 1937 380 2002 provincia
395 1935 450 1987 dari
460 1935 593 1995 videretur,
603 1935 733 2002 proiectus
747 1935 781 1986 ad
793 1934 888 1986 bellum
897 1935 1021 1986 adversus
1030 1933 1176 1984 Antiochum

250 2007 406 2071 gerendum,
426 2005 452 2053 in
464 2005 551 2054 Asiam
560 2005 657 2070 primus
669 2007 782 2055 omnium
791 2004 964 2054 Romanorum
974 2003 1069 2054 ducum
1080 2003 1175 2052 troiana

250 2075 375 2124 Aemilius
384 2072 499 2138 Regillus
516 2073 640 2123 adversus
655 2073 752 2138 regiam
767 2073 874 2124 classem
889 2071 1009 2122 Antiochi
1020 2070 1131 2121 feliciter
1138 2085 1177 2134 pu·

251 2145 339 2206 gnavit
348 2141 382 2190 ad
390 2141 555 2206 Myonnesum
565 2141 671 2192 Rhodiis
681 2142 869 2194 adiuvantibus.
889 2141 957 2190 filius
966 2139 1085 2190 Africani
1094 2141 1125 2190 ab
1135 2141 1178 2187 An·

248 2209 334 2258 tiocho
344 2216 434 2274 captus
443 2208 510 2272 patri
523 2210 645 2259 remissus
662 2217 710 2265 est.
730 2209 774 2260 Μ’.
783 2210 882 2262 Acilius
892 2209 994 2260 Glabrio
1007 2209 1040 2258 ‹le
1048 2207 1178 2264 Antiocho,

250 2291 325 2338 quem
334 2275 439 2326 Graecia
449 2276 594 2342 expulerat,
614 2287 639 2328 et
654 2278 793 2332 (leAetolis
808 2279 984 2344 triumphavit.
1006 2277 1076 2326 victo
1095 2275 1179 2328 deinde

250 2345 375 2396 Antiocho
385 2362 400 2395 a
410 2345 439 2395 L.
451 2345 565 2396 Cornelio
577 2345 705 2412 Scipione,
716 2349 853 2399 adiuvante
862 2349 974 2398 Eumene
985 2359 1047 2410 rege
1054 2345 1178 2411 Pergami,

252 2415 332 2464 Attali
340 2415 407 2480 lilio,
425 2429 478 2480 pax
490 2414 548 2466 data
558 2424 596 2465 est
609 2431 640 2466 ea
649 2416 805 2481 condicione,
823 2425 852 2468 ut
867 2416 983 2467 omnibus
994 2414 1138 2480 provinciis
1150 2414 1179 2461 ci·

250 2491 291 2533 tra
309 2484 418 2535 Taurum
435 2491 546 2534 montem
566 2485 674 2535 cederet.
703 2485 824 2544 Eumeni,
846 2500 897 2549 quc
915 2485 1017 2534 iuvante
1039 2481 1178 2532 Antiochus

251 2553 334 2602 victus
354 2561 420 2618 erat,
446 2568 552 2618 regnam
574 2553 731 2619 ampliatum.
759 2553 867 2604 Rhodiis
888 2567 1003 2616 quoque,
1030 2552 1076 2614 qui
1097 2561 1122 2601 et
1135 2549 1178 2614 ipsi

251 2622 380 2687 iuverant,
398 2622 523 2685 quaedam
534 2622 649 2671 civitates
658 2635 803 2674 concessae.
821 2621 920 2672 colonia
932 2620 1043 2671 deducta
1050 2627 1093 2670 est
1102 2619 1177 2668 Bono-

249 2691 301 2745 nia.
320 2689 583 2755 Aemiliusliegillua,
603 2691 647 2753 qui
663 2691 805 2756 praefectos
814 2689 931 2740 Antiochi
945 2689 1027 2740 navali
1044 2688 1177 2739 cerumiue

249 2757 359 2822 vicerat,
378 2759 493 2808 navalem
504 2758 659 2822 triumphum
669 2759 750 2809 luxit.
770 2758 799 2808 L.
811 2757 942 2810 Cornelius
953 2756 1057 2823 Scipio,
1071 2758 1176 2821 quicum

202 2879 206 2886 ,
248 2825 373 2940 Αιῖῗίοοιιο
390 2826 574 2890 debellaverat,
594 2829 745 2892 cognomine
766 2827 838 2877 fratri
855 2835 978 2890 aequatus
990 2827 1121 2875 Asiaticus
1138 2837 1177 2886 ap·

248 2905 280 2955 pe
299 2901 356 2942 atus
369 2902 415 2942 est.

201 3033 205 3040 ·
280 3005 303 3063 Ι.
335 3004 369 3064 L.
392 3006 531 3069 cornelio
551 3007 696 3084 Scipione
717 3010 748 3070 C.
763 3009 867 3072 Laelio
893 3009 1074 3071 consulibus
1097 3010 1175 3069 nulla

195 3089 283 3164 prius
298 3091 468 3168 secundum
481 3091 647 3168 religiones
661 3100 729 3154 acta
739 3094 771 3153 in
782 3101 892 3154 senatu
905 3109 956 3154 res
971 3100 1020 3154 est
1035 3092 1174 3168 quamde

195 3175 324 3234 Aetolis.
354 3182 384 3236 et
403 3177 493 3251 legati
515 3192 622 3238 eorum
642 3178 801 3250 insistere,
822 3177 893 3252 quia
907 3177 1033 3236 brevem
1047 3175 1173 3236 indutia-

194 3273 261 3317 rum
277 3259 356 3318 tliem
371 3258 538 3335 habebant,
560 3267 590 3320 et
610 3261 648 3322 ab
669 3261 700 3319 T.
716 3259 870 3335 Quinctio,
893 3259 1026 3335 quitum
1048 3260 1173 3320 Romam

194 3353 235 3398 ex
251 3341 378 3402 Graecia
397 3344 543 3419 redierat,
569 3344 664 3406 adiuti
678 3351 758 3406 sunt.
790 3343 907 3418 Aetoli,
921 3352 955 3404 ut
976 3343 1089 3417 quibus
1103 3343 1171 3416 plus

197 3422 228 3480 in
238 3425 447 3487 misericordia
462 3435 586 3488 senalus
602 3445 692 3504 quam
705 3428 734 3488 in
749 3443 844 3489 causa
857 3427 926 3503 spei
940 3433 1040 3498 esset,
1057 3424 1171 3501 suppli·
