2506 3898
275 239 392 302 LIBER
405 241 566 302 XXXVIII.
589 242 672 302 CAP.
687 249 730 304 40.
744 250 788 303 tr.
812 246 848 315 [a.
860 245 894 302 C.
910 249 972 316 188]
1050 241 1112 304 355

135 410 228 470 quarn
251 393 383 453 maxime
403 391 579 454 recentibus
600 398 631 451 et
643 390 769 466 integris
790 391 930 452 iumentis
944 391 1112 467 Thraciam,

135 495 192 555 per
207 493 299 553 quarn
314 476 371 536 iter
386 475 476 549 vulgo
491 474 672 548 horrebant,
688 475 907 550 Ingrederetur.
934 491 996 551 quo
1010 477 1112 551 profe·

134 571 202 624 ctus
219 567 267 621 est
280 560 319 620 ab
332 558 528 636 Lysimachia
542 558 606 632 die,
627 559 668 619 ad
682 573 802 618 amnem
815 557 937 620 Melana
953 574 1044 635 quern
1058 576 1113 620 vo-

135 653 219 718 cant,
242 644 313 704 inde
333 649 460 718 postero
481 642 531 702 die
546 641 680 720 Cypsela
694 643 841 717 pervenit.
873 659 892 702 a
907 641 1049 722 cypsetis
1064 643 1114 706 via

134 731 241 789 decem
259 727 375 787 mitium
388 727 454 785 iere
466 726 617 786 silvestris
632 731 762 801 angusta
777 727 963 800 confragosa
977 727 1112 802 excipie-

133 814 198 886 bat,
216 817 340 886 propter
354 810 442 870 cuius
456 809 665 870 difficultatem
678 809 794 870 itineris
809 808 839 869 in
856 810 934 870 duas
949 816 1053 885 partes
1068 811 1113 872 di-

132 897 219 956 visus
240 894 403 954 exercitus.
437 899 468 952 et
487 893 675 968 praecedere
693 909 760 964 una
769 893 870 968 tussa,
892 895 988 954 altera
1001 910 1112 970 magno

134 979 292 1039 intervallo
308 991 420 1052 cogere
435 991 553 1052 agmen,
568 975 670 1036 media
683 975 900 1050 impedimenta
913 977 1111 1052 interposuit=

133 1058 1112 1136 plaustrorumpecuniapublicaerantpretiosaquealiapracda

133 1148 174 1206 ‘ta
195 1162 264 1206 curn
285 1159 342 1220 per
361 1145 471 1204 saltum
491 1144 561 1214 iret,
581 1142 732 1204 Thracum
752 1143 858 1204 decem
878 1143 961 1204 hand
979 1145 1111 1219 amplius

133 1229 215 1290 milia
229 1245 269 1289 ex
284 1234 428 1304 quattuor
441 1227 582 1302 papatis,
604 1225 682 1286 Astii
699 1233 730 1286 et
743 1225 835 1287 Caeni
850 1233 881 1287 et
894 1226 1069 1288 Maduateni
1083 1234 1114 1289 et

134 1313 248 1387 Coreli,
269 1312 310 1372 ad
330 1311 417 1388 ipsas
435 1310 596 1386 ¹angustias
616 1310 697 1370 viam
712 1309 983 1373 circumsederunt.
1007 1311 1112 1386 opinio

133 1403 198 1458 erat
211 1413 273 1458 non
289 1397 356 1457 sine
366 1394 497 1470 Phiiippi
507 1393 710 1454 Macedonum
724 1394 807 1470 regis
822 1395 930 1454 iraude
941 1395 972 1454 id
983 1395 1111 1456 iactum=

133 1495 203 1542 eum
217 1480 318 1542 scisse
332 1495 392 1540 non
408 1479 468 1538 alia
484 1493 575 1553 quam
590 1492 646 1553 per
660 1477 820 1538 Thraciam
833 1479 987 1538 redituros
1000 1478 1112 1539 Roma·

133 1582 206 1639 nos,
233 1570 265 1626 et
285 1571 428 1639 quantam
453 1561 614 1638 pecuniam
634 1577 740 1622 secum
760 1569 925 1638 portarent.
960 1561 991 1622 in
1013 1563 1112 1638 primo

133 1648 254 1724 agmina
267 1648 433 1724 imperator
444 1653 517 1722 erat,
533 1645 680 1707 sollicitus
692 1653 820 1721 propter
830 1645 1017 1720 iniquitatem
1028 1648 1105 1710 loco

132 1750 208 1792 rum.
229 1731 364 1792 Thraces
377 1729 451 1790 nihii
467 1744 501 1789 se
514 1734 683 1802 moverunt,
700 1721 802 1790 donec'
816 1731 920 1790 annoti
934 1732 1113 1792 transirent·

135 1821 296 1892 postquam
316 1813 431 1888 primos
452 1826 621 1886 superasse
641 1811 799 1886 angustias
816 1813 971 1888 viderunt,
993 1822 1113 1890 postne

134 1913 201 1959 mas
216 1898 352 1958 nondum
374 1894 666 1972 appropinquantis,
689 1894 905 1970 impedimenta
924 1903 955 1957 et
975 1898 1113 1958 sarcinas

132 1983 289 2053 invadunt,
299 1978 463 2056 'caesisque
475 1978 656 2040 custodibus
666 1978 776 2053 partim
787 1992 825 2038 ea
837 1993 917 2054 qnae
927 1979 957 2040 in
968 1980 1113 2054 plaustris

131 2072 218 2126 erant
238 2065 386 2140 diripere,
408 2063 517 2139 partim
538 2061 596 2123 sub
618 2061 763 2123 oneribus
777 2061 911 2122 iumenta
924 2063 1112 2125 abstrahere.

131 2151 214 2211 unde
235 2155 401 2224 postquam
422 2149 537 2208 clamor
557 2145 687 2222 primum
707 2146 748 2207 ad
769 2161 824 2208 eos
840 2146 893 2222 qui
907 2146 967 2208 iam
981 2147 1113 2223 ingressi

131 2235 242 2295 saltum
263 2231 486 2307 sequebantur,
508 2230 621 2292 deinde
636 2229 727 2290 ctiam
742 2229 782 2292 ad
797 2230 928 2306 priorum
942 2246 1051 2307 agmen
1066 2237 1114 2291 est

131 2318 276 2394 perlatus,
292 2316 442 2390 utrimque
458 2316 489 2374 in
503 2313 637 2374 medium
649 2312 849 2391 concurritur,
867 2323 897 2375 et
910 2315 1113 2378 inordinatum

132 2400 269 2477 pluribus
286 2399 376 2460 simul
389 2398 466 2459 locis
482 2398 631 2472 proelium
647 2397 827 2458 conseritur.
849 2399 982 2460 Thracas
997 2401 1114 2474 praeda

130 2487 200 2560 ipsa
219 2482 383 2560 impeditos
403 2480 548 2543 oneribus
568 2481 801 2555 etplerosque‚
826 2488 860 2541 ut
873 2481 913 2540 ad
930 2482 1113 2556 rapiendum

130 2583 238 2629 manus
251 2582 367 2628 vacuas
385 2565 540 2639 haberent,
556 2565 688 2624 inermes
705 2564 744 2624 ad
756 2564 881 2624 caedem
894 2563 1035 2638 praebet:
1050 2567 1112 2626 Ro·

130 2667 239 2714 manos
255 2651 399 2725 iniqnitas
417 2651 555 2712 Iocorum
571 2646 712 2708 barbaris
730 2663 786 2722 per
798 2649 892 2708 caties
902 2656 991 2709 notas
1004 2665 1112 2710 occur·

131 2734 269 2796 santibus
284 2739 315 2794 ct
328 2733 492 2795 latentibus
507 2732 658 2794 interdum
669 2747 727 2808 per
737 2747 832 2792 cavas
844 2732 939 2793 valles
951 2733 1110 2808 prodebat

130 2821 200 2894 ipsa
214 2819 305 2879 etiam
319 2833 415 2880 caera
427 2819 636 2894 plaustraque,
652 2823 686 2876 ut
700 2817 764 2876 iors
779 2815 854 2890 tulit,
870 2815 918 2876 his
934 2823 986 2878 aut
996 2817 1055 2878 iilis
1066 2818 1111 2877 in·

131 2903 294 2964 commode
315 2902 436 2963 obiectu
460 2899 665 2976 pugnantibus
687 2897 905 2975 impedimento
928 2907 1008 2961 sunt.
1040 2901 1111 2962 alibi

131 2986 264 3062 praedo,
286 2985 357 3046 alibi
373 2985 508 3060 praedae
523 2985 636 3044 vindex
653 2984 742 3044 cadit.
779 2989 871 3058 prout
884 2985 971 3046 locus
985 2983 1110 3059 iniquus

130 3083 291 3146 aequusve
301 3069 349 3129 his
361 3078 413 3129 ant
422 3068 492 3143 iilis,
508 3075 601 3143 prout
611 3068 730 3128 animus
742 3069 941 3143 pugnantium
953 3077 1008 3139 est
1022 3074 1113 3142 prout

131 3168 329 3214 numerus—
340 3152 390 3212 alii
410 3151 490 3212 enim
507 3151 646 3226 pluribus
668 3167 758 3226 quam
774 3151 833 3226 ipsi
849 3157 950 3224 erant,
970 3150 1021 3211 alii
1034 3168 1110 3228 pau·

131 3236 266 3299 cioribus
282 3243 479 3298 occurrerant
489 3271 544 3307 -‚
559 3233 645 3294 varia
659 3237 781 3296 icauna
800 3249 922 3311 pugnae
937 3239 993 3294 est.
1025 3233 1111 3296 multi

129 3321 283 3397 utrimque
298 3319 417 3381 cadunt.
450 3319 510 3379 ianr
525 3331 588 3380 nox
602 3319 781 3394 appetebat,
804 3333 872 3378 cum
887 3318 1005 3393 praetio
1020 3333 1111 3379 exce

131 3405 209 3467 dunt
226 3403 377 3478 ibraces,
396 3419 459 3464 non
481 3403 553 3478 iuge
572 3403 732 3462 vtrlncrum
752 3408 804 3461 aut
823 3401 945 3474 mortis,
967 3402 1023 3462 sed
1038 3401 1111 3478 quit

132 3490 208 3550 satis
219 3487 355 3564 praedae
365 3487 527 3548 hebebant.
549 3484 624 3547 XLI.
645 3485 1111 3603 Romanommprimumngmeu
