<?xml version="1.0" encoding="UTF-8"?>
<!DOCTYPE html PUBLIC "-//W3C//DTD XHTML 1.0 Transitional//EN"
    "http://www.w3.org/TR/xhtml1/DTD/xhtml1-transitional.dtd">
<html xmlns="http://www.w3.org/1999/xhtml" xml:lang="en" lang="en">
 <head>
  <title>
</title>
<meta http-equiv="Content-Type" content="text/html;charset=utf-8" />
  <meta name='ocr-system' content='tesseract 3.04.00' />
  <meta name='ocr-capabilities' content='ocr_page ocr_carea ocr_par ocr_line ocrx_word'/>
</head>
<body>
  <div class='ocr_page' id='page_1' title='image "./titiliviaburbec08livygoog_0183.png"; bbox 0 0 2482 3902; ppageno 0'>
   <div class='ocr_carea' id='block_1_1' title="bbox 179 179 1004 258">
    <p class='ocr_par' dir='ltr' id='par_1_1' title="bbox 179 179 1004 258">
     <span class='ocr_line' id='line_1_1' title="bbox 179 179 1004 258; baseline -0.004 -11"><span class='ocrx_word' id='word_1_1' title='bbox 179 181 242 247; x_wconf 77' lang='grc'><strong>154</strong></span> <span class='ocrx_word' id='word_1_2' title='bbox 322 181 437 243; x_wconf 84' lang='lat' dir='ltr'><strong>LIBER</strong></span> <span class='ocrx_word' id='word_1_3' title='bbox 447 179 581 241; x_wconf 82' lang='lat' dir='ltr'>XXXIV.</span> <span class='ocrx_word' id='word_1_4' title='bbox 605 179 686 240; x_wconf 80' lang='grc' dir='ltr'><strong>ΟΑΡ.</strong></span> <span class='ocrx_word' id='word_1_5' title='bbox 697 187 741 242; x_wconf 76' lang='lat'><strong>33·</strong></span> <span class='ocrx_word' id='word_1_6' title='bbox 752 185 797 241; x_wconf 79' lang='grc'><strong>34.</strong></span> <span class='ocrx_word' id='word_1_7' title='bbox 819 180 856 257; x_wconf 82' lang='grc' dir='ltr'><strong>[ι.</strong></span> <span class='ocrx_word' id='word_1_8' title='bbox 869 183 894 237; x_wconf 91' lang='lat' dir='ltr'>U</span> <span class='ocrx_word' id='word_1_9' title='bbox 906 201 930 238; x_wconf 83' lang='lat' dir='ltr'><strong>c.</strong></span> <span class='ocrx_word' id='word_1_10' title='bbox 941 180 1004 258; x_wconf 75' lang='lat' dir='ltr'><strong>asi]</strong></span> 
     </span>
    </p>
   </div>
   <div class='ocr_carea' id='block_1_2' title="bbox 123 330 1164 3520">
    <p class='ocr_par' dir='ltr' id='par_1_2' title="bbox 123 330 1164 3520">
     <span class='ocr_line' id='line_1_2' title="bbox 175 330 1159 396; baseline -0.002 0"><span class='ocrx_word' id='word_1_11' title='bbox 175 337 243 396; x_wconf 85' lang='lat' dir='ltr'><strong>aiae</strong></span> <span class='ocrx_word' id='word_1_12' title='bbox 264 335 338 395; x_wconf 90' lang='lat' dir='ltr'><strong>lore.</strong></span> <span class='ocrx_word' id='word_1_13' title='bbox 372 334 468 394; x_wconf 89' lang='lat' dir='ltr'><strong>satius</strong></span> <span class='ocrx_word' id='word_1_14' title='bbox 489 334 581 395; x_wconf 92' lang='lat' dir='ltr'><strong>multo</strong></span> <span class='ocrx_word' id='word_1_15' title='bbox 602 332 699 393; x_wconf 86' lang='lat' dir='ltr'><strong>luisse</strong></span> <span class='ocrx_word' id='word_1_16' title='bbox 713 345 774 390; x_wconf 93' lang='lat' dir='ltr'><strong>non</strong></span> <span class='ocrx_word' id='word_1_17' title='bbox 788 331 905 394; x_wconf 88' lang='lat' dir='ltr'><strong>moveri</strong></span> <span class='ocrx_word' id='word_1_18' title='bbox 919 330 1031 392; x_wconf 88' lang='lat' dir='ltr'><strong>bellum</strong></span> <span class='ocrx_word' id='word_1_19' title='bbox 1047 331 1159 395; x_wconf 88' lang='lat' dir='ltr'><strong>adver·</strong></span> 
     </span>
     <span class='ocr_line' id='line_1_3' title="bbox 177 415 1160 494; baseline -0.004 -12"><span class='ocrx_word' id='word_1_20' title='bbox 177 436 232 482; x_wconf 92' lang='lat' dir='ltr'><strong>sus</strong></span> <span class='ocrx_word' id='word_1_21' title='bbox 247 435 316 478; x_wconf 89' lang='lat' dir='ltr'><strong>eum</strong></span> <span class='ocrx_word' id='word_1_22' title='bbox 331 434 423 494; x_wconf 87' lang='lat' dir='ltr'><strong>quam</strong></span> <span class='ocrx_word' id='word_1_23' title='bbox 439 417 533 478; x_wconf 91' lang='lat' dir='ltr'><strong>omitti</strong></span> <span class='ocrx_word' id='word_1_24' title='bbox 547 423 671 478; x_wconf 82' lang='lat' dir='ltr'><strong>motum,</strong></span> <span class='ocrx_word' id='word_1_25' title='bbox 701 421 731 474; x_wconf 91' lang='lat' dir='ltr'><strong>et</strong></span> <span class='ocrx_word' id='word_1_26' title='bbox 745 415 846 490; x_wconf 90' lang='lat' dir='ltr'><strong>ipsum</strong></span> <span class='ocrx_word' id='word_1_27' title='bbox 859 415 943 474; x_wconf 89' lang='lat' dir='ltr'><strong>velut</strong></span> <span class='ocrx_word' id='word_1_28' title='bbox 957 415 1160 491; x_wconf 88' lang='lat' dir='ltr'><strong>comprobata</strong></span> 
     </span>
     <span class='ocr_line' id='line_1_4' title="bbox 174 497 1159 576; baseline -0.004 -11"><span class='ocrx_word' id='word_1_29' title='bbox 174 502 383 565; x_wconf 74' lang='lat' dir='ltr'><strong>dominatione</strong></span> <span class='ocrx_word' id='word_1_30' title='bbox 409 501 575 563; x_wconf 87' lang='lat' dir='ltr'><strong>firmiorem</strong></span> <span class='ocrx_word' id='word_1_31' title='bbox 598 501 732 562; x_wconf 82' lang='lat' dir='ltr'><strong>futurum</strong></span> <span class='ocrx_word' id='word_1_32' title='bbox 760 505 885 562; x_wconf 89' lang='lat' dir='ltr'><strong>auctore</strong></span> <span class='ocrx_word' id='word_1_33' title='bbox 909 497 1012 560; x_wconf 86' lang='lat' dir='ltr'><strong>iniusti</strong></span> <span class='ocrx_word' id='word_1_34' title='bbox 1037 501 1159 576; x_wconf 90' lang='lat' dir='ltr'><strong>imperii</strong></span> 
     </span>
     <span class='ocr_line' id='line_1_5' title="bbox 176 583 1160 661; baseline -0.003 -13"><span class='ocrx_word' id='word_1_35' title='bbox 176 588 339 661; x_wconf 84' lang='lat' dir='ltr'><strong>adsumpto</strong></span> <span class='ocrx_word' id='word_1_36' title='bbox 365 585 482 661; x_wconf 90' lang='lat' dir='ltr'><strong>populo</strong></span> <span class='ocrx_word' id='word_1_37' title='bbox 502 586 658 658; x_wconf 86' lang='lat' dir='ltr'><strong>Romano,</strong></span> <span class='ocrx_word' id='word_1_38' title='bbox 684 590 715 646; x_wconf 92' lang='lat' dir='ltr'><strong>et</strong></span> <span class='ocrx_word' id='word_1_39' title='bbox 734 583 877 659; x_wconf 88' lang='lat' dir='ltr'><strong>exemplo</strong></span> <span class='ocrx_word' id='word_1_40' title='bbox 902 583 1016 645; x_wconf 89' lang='lat' dir='ltr'><strong>multos</strong></span> <span class='ocrx_word' id='word_1_41' title='bbox 1037 584 1070 644; x_wconf 92' lang='lat' dir='ltr'><strong>in</strong></span> <span class='ocrx_word' id='word_1_42' title='bbox 1092 586 1160 645; x_wconf 89' lang='lat' dir='ltr'><strong>aliis</strong></span> 
     </span>
     <span class='ocr_line' id='line_1_6' title="bbox 173 666 1159 732; baseline -0.003 0"><span class='ocrx_word' id='word_1_43' title='bbox 173 669 347 732; x_wconf 88' lang='lat' dir='ltr'><strong>civitatibus</strong></span> <span class='ocrx_word' id='word_1_44' title='bbox 368 669 408 729; x_wconf 90' lang='lat' dir='ltr'><strong>ad</strong></span> <span class='ocrx_word' id='word_1_45' title='bbox 422 668 629 730; x_wconf 89' lang='lat' dir='ltr'><strong>insidiandum</strong></span> <span class='ocrx_word' id='word_1_46' title='bbox 643 666 772 728; x_wconf 79' lang='lat' dir='ltr'>libertati</span> <span class='ocrx_word' id='word_1_47' title='bbox 787 667 897 728; x_wconf 89' lang='lat' dir='ltr'><strong>civium</strong></span> <span class='ocrx_word' id='word_1_48' title='bbox 911 683 1041 729; x_wconf 89' lang='lat' dir='ltr'><strong>suorum</strong></span> <span class='ocrx_word' id='word_1_49' title='bbox 1053 669 1159 729; x_wconf 89' lang='lat' dir='ltr'><strong>incita·</strong></span> 
     </span>
     <span class='ocr_line' id='line_1_7' title="bbox 174 750 1161 828; baseline -0.003 -12"><span class='ocrx_word' id='word_1_50' title='bbox 174 761 284 816; x_wconf 89' lang='lat' dir='ltr'><strong>turum.</strong></span> <span class='ocrx_word' id='word_1_51' title='bbox 316 753 415 828; x_wconf 89' lang='lat' dir='ltr'><strong>ipsius</strong></span> <span class='ocrx_word' id='word_1_52' title='bbox 441 752 633 828; x_wconf 90' lang='lat' dir='ltr'><strong>imperatoris</strong></span> <span class='ocrx_word' id='word_1_53' title='bbox 657 750 776 812; x_wconf 90' lang='lat' dir='ltr'><strong>animus</strong></span> <span class='ocrx_word' id='word_1_54' title='bbox 798 752 838 812; x_wconf 90' lang='lat' dir='ltr'><strong>ad</strong></span> <span class='ocrx_word' id='word_1_55' title='bbox 858 766 966 828; x_wconf 89' lang='lat' dir='ltr'><strong>pacem</strong></span> <span class='ocrx_word' id='word_1_56' title='bbox 986 752 1161 814; x_wconf 76' lang='lat' dir='ltr'><strong>inclinatior</strong></span> 
     </span>
     <span class='ocr_line' id='line_1_8' title="bbox 172 835 1161 924; baseline -0.003 -25"><span class='ocrx_word' id='word_1_57' title='bbox 172 845 250 900; x_wconf 89' lang='lat' dir='ltr'><strong>erat.</strong></span> <span class='ocrx_word' id='word_1_58' title='bbox 285 836 410 898; x_wconf 89' lang='lat' dir='ltr'><strong>videbat</strong></span> <span class='ocrx_word' id='word_1_59' title='bbox 434 835 515 898; x_wconf 92' lang='lat' dir='ltr'><strong>enim</strong></span> <span class='ocrx_word' id='word_1_60' title='bbox 540 835 700 912; x_wconf 86' lang='lat' dir='ltr'><strong>compulso</strong></span> <span class='ocrx_word' id='word_1_61' title='bbox 726 835 803 896; x_wconf 91' lang='lat' dir='ltr'><strong>intra</strong></span> <span class='ocrx_word' id='word_1_62' title='bbox 828 835 949 899; x_wconf 91' lang='lat' dir='ltr'><strong>moenia</strong></span> <span class='ocrx_word' id='word_1_63' title='bbox 973 835 1066 898; x_wconf 87' lang='lat' dir='ltr'><strong>hoste</strong></span> <span class='ocrx_word' id='word_1_64' title='bbox 1085 837 1161 924; x_wconf 73' lang='lat' dir='ltr'><strong>nihil</strong></span> 
     </span>
     <span class='ocr_line' id='line_1_9' title="bbox 174 919 1161 999; baseline -0.006 -17"><span class='ocrx_word' id='word_1_65' title='bbox 174 928 297 999; x_wconf 88' lang='lat' dir='ltr'><strong>praetor</strong></span> <span class='ocrx_word' id='word_1_66' title='bbox 316 921 508 983; x_wconf 89' lang='lat' dir='ltr'><strong>obsidionem</strong></span> <span class='ocrx_word' id='word_1_67' title='bbox 529 928 663 995; x_wconf 88' lang='lat' dir='ltr'><strong>restare,</strong></span> <span class='ocrx_word' id='word_1_68' title='bbox 684 935 750 982; x_wconf 85' lang='lat' dir='ltr'><strong>earn</strong></span> <span class='ocrx_word' id='word_1_69' title='bbox 772 927 873 982; x_wconf 88' lang='lat' dir='ltr'><strong>autem</strong></span> <span class='ocrx_word' id='word_1_70' title='bbox 887 921 953 983; x_wconf 91' lang='lat' dir='ltr'><strong>lore</strong></span> <span class='ocrx_word' id='word_1_71' title='bbox 969 919 1161 982; x_wconf 72' lang='lat' dir='ltr'><strong>diuturnamr</strong></span> 
     </span>
     <span class='ocr_line' id='line_1_10' title="bbox 175 1004 1161 1086; baseline -0.002 -20"><span class='ocrx_word' id='word_1_72' title='bbox 175 1024 237 1069; x_wconf 90' lang='lat' dir='ltr'><strong>non</strong></span> <span class='ocrx_word' id='word_1_73' title='bbox 252 1007 332 1068; x_wconf 90' lang='lat' dir='ltr'><strong>enim</strong></span> <span class='ocrx_word' id='word_1_74' title='bbox 348 1005 506 1086; x_wconf 66' lang='lat' dir='ltr'><strong>(lydium,</strong></span> <span class='ocrx_word' id='word_1_75' title='bbox 522 1006 607 1082; x_wconf 88' lang='lat' dir='ltr'><strong>quod</strong></span> <span class='ocrx_word' id='word_1_76' title='bbox 621 1006 724 1080; x_wconf 91' lang='lat' dir='ltr'><strong>ipsum</strong></span> <span class='ocrx_word' id='word_1_77' title='bbox 738 1011 840 1066; x_wconf 88' lang='lat' dir='ltr'><strong>tamen</strong></span> <span class='ocrx_word' id='word_1_78' title='bbox 853 1004 1010 1080; x_wconf 87' lang='lat' dir='ltr'><strong>traditum,</strong></span> <span class='ocrx_word' id='word_1_79' title='bbox 1026 1022 1092 1067; x_wconf 93' lang='lat' dir='ltr'><strong>non</strong></span> <span class='ocrx_word' id='word_1_80' title='bbox 1106 1021 1161 1065; x_wconf 86' lang='lat' dir='ltr'><strong>ex-</strong></span> 
     </span>
     <span class='ocr_line' id='line_1_11' title="bbox 175 1088 1161 1168; baseline 0 -18"><span class='ocrx_word' id='word_1_81' title='bbox 175 1098 343 1168; x_wconf 77' lang='lat' dir='ltr'><strong>pugnatum</strong></span> <span class='ocrx_word' id='word_1_82' title='bbox 357 1097 450 1166; x_wconf 83' lang='lat' dir='ltr'><strong>esset,</strong></span> <span class='ocrx_word' id='word_1_83' title='bbox 466 1090 806 1164; x_wconf 87' lang='lat' dir='ltr'><strong>sedLacedaemonem‚</strong></span> <span class='ocrx_word' id='word_1_84' title='bbox 819 1088 1041 1150; x_wconf 79' lang='lat' dir='ltr'><strong>validissimam</strong></span> <span class='ocrx_word' id='word_1_85' title='bbox 1050 1089 1161 1152; x_wconf 88' lang='lat' dir='ltr'><strong>urbem</strong></span> 
     </span>
     <span class='ocr_line' id='line_1_12' title="bbox 176 1174 1161 1252; baseline -0.001 -17"><span class='ocrx_word' id='word_1_86' title='bbox 176 1175 250 1236; x_wconf 91' lang='lat' dir='ltr'><strong>viris</strong></span> <span class='ocrx_word' id='word_1_87' title='bbox 265 1175 435 1251; x_wconf 86' lang='lat' dir='ltr'><strong>armisque,</strong></span> <span class='ocrx_word' id='word_1_88' title='bbox 450 1181 693 1251; x_wconf 79' lang='lat' dir='ltr'><strong>oppugnaturos.</strong></span> <span class='ocrx_word' id='word_1_89' title='bbox 722 1189 814 1252; x_wconf 88' lang='lat' dir='ltr'><strong>unam</strong></span> <span class='ocrx_word' id='word_1_90' title='bbox 828 1189 917 1249; x_wconf 91' lang='lat' dir='ltr'><strong>spem</strong></span> <span class='ocrx_word' id='word_1_91' title='bbox 932 1174 1038 1248; x_wconf 89' lang='lat' dir='ltr'><strong>luisse,</strong></span> <span class='ocrx_word' id='word_1_92' title='bbox 1054 1174 1083 1234; x_wconf 91' lang='lat' dir='ltr'><strong>si</strong></span> <span class='ocrx_word' id='word_1_93' title='bbox 1099 1190 1161 1249; x_wconf 88' lang='lat' dir='ltr'><strong>qua</strong></span> 
     </span>
     <span class='ocr_line' id='line_1_13' title="bbox 123 1256 1159 1334; baseline -0.003 -12"><span class='ocrx_word' id='word_1_94' title='bbox 123 1315 126 1322; x_wconf 91' lang='lat'>.</span> <span class='ocrx_word' id='word_1_95' title='bbox 176 1259 410 1321; x_wconf 82' lang='lat' dir='ltr'><strong>admoventibus</strong></span> <span class='ocrx_word' id='word_1_96' title='bbox 432 1260 600 1320; x_wconf 90' lang='lat' dir='ltr'><strong>exercitum</strong></span> <span class='ocrx_word' id='word_1_97' title='bbox 621 1257 776 1320; x_wconf 85' lang='lat' dir='ltr'><strong>dissensio</strong></span> <span class='ocrx_word' id='word_1_98' title='bbox 797 1256 875 1318; x_wconf 93' lang='lat' dir='ltr'><strong>inter</strong></span> <span class='ocrx_word' id='word_1_99' title='bbox 890 1256 977 1334; x_wconf 91' lang='lat' dir='ltr'><strong>ipsos</strong></span> <span class='ocrx_word' id='word_1_100' title='bbox 992 1272 1030 1318; x_wconf 89' lang='lat' dir='ltr'><strong>ao</strong></span> <span class='ocrx_word' id='word_1_101' title='bbox 1046 1257 1159 1319; x_wconf 90' lang='lat' dir='ltr'><strong>seditio</strong></span> 
     </span>
     <span class='ocr_line' id='line_1_14' title="bbox 174 1340 1160 1419; baseline -0.002 -15"><span class='ocrx_word' id='word_1_102' title='bbox 174 1343 301 1404; x_wconf 87' lang='lat' dir='ltr'><strong>excitari</strong></span> <span class='ocrx_word' id='word_1_103' title='bbox 318 1350 433 1417; x_wconf 84' lang='lat' dir='ltr'><strong>posset</strong></span> <span class='ocrx_word' id='word_1_104' title='bbox 456 1359 525 1404; x_wconf 92' lang='lat' dir='ltr'><strong>cum</strong></span> <span class='ocrx_word' id='word_1_105' title='bbox 540 1343 629 1418; x_wconf 82' lang='lat' dir='ltr'><strong>signa</strong></span> <span class='ocrx_word' id='word_1_106' title='bbox 643 1342 740 1419; x_wconf 89' lang='lat' dir='ltr'><strong>portis</strong></span> <span class='ocrx_word' id='word_1_107' title='bbox 754 1356 853 1418; x_wconf 89' lang='lat' dir='ltr'><strong>prope</strong></span> <span class='ocrx_word' id='word_1_108' title='bbox 867 1340 972 1402; x_wconf 90' lang='lat' dir='ltr'><strong>inlerri</strong></span> <span class='ocrx_word' id='word_1_109' title='bbox 987 1348 1160 1415; x_wconf 79' lang='lat' dir='ltr'><strong>cernerent,</strong></span> 
     </span>
     <span class='ocr_line' id='line_1_15' title="bbox 174 1424 1160 1488; baseline -0.004 1"><span class='ocrx_word' id='word_1_110' title='bbox 174 1428 327 1488; x_wconf 90' lang='lat' dir='ltr'><strong>neminem</strong></span> <span class='ocrx_word' id='word_1_111' title='bbox 347 1441 387 1487; x_wconf 87' lang='lat' dir='ltr'><strong>se</strong></span> <span class='ocrx_word' id='word_1_112' title='bbox 396 1427 541 1488; x_wconf 91' lang='lat' dir='ltr'><strong>movisse.</strong></span> <span class='ocrx_word' id='word_1_113' title='bbox 573 1427 725 1488; x_wconf 82' lang='lat' dir='ltr'><strong>adiciebat</strong></span> <span class='ocrx_word' id='word_1_114' title='bbox 738 1433 768 1487; x_wconf 89' lang='lat' dir='ltr'><strong>et</strong></span> <span class='ocrx_word' id='word_1_115' title='bbox 782 1441 851 1488; x_wconf 89' lang='lat' dir='ltr'><strong>cum</strong></span> <span class='ocrx_word' id='word_1_116' title='bbox 864 1424 1016 1486; x_wconf 80' lang='lat' dir='ltr'><strong>Antiocho</strong></span> <span class='ocrx_word' id='word_1_117' title='bbox 1032 1425 1160 1486; x_wconf 83' lang='lat' dir='ltr'><strong>infidam</strong></span> 
     </span>
     <span class='ocr_line' id='line_1_16' title="bbox 175 1509 1159 1588; baseline -0.002 -16"><span class='ocrx_word' id='word_1_118' title='bbox 175 1527 284 1588; x_wconf 87' lang='lat' dir='ltr'><strong>pacem</strong></span> <span class='ocrx_word' id='word_1_119' title='bbox 297 1509 422 1571; x_wconf 87' lang='lat' dir='ltr'><strong>Villium</strong></span> <span class='ocrx_word' id='word_1_120' title='bbox 442 1513 575 1586; x_wconf 81' lang='lat' dir='ltr'><strong>legatum</strong></span> <span class='ocrx_word' id='word_1_121' title='bbox 595 1511 667 1571; x_wconf 92' lang='lat' dir='ltr'><strong>inde</strong></span> <span class='ocrx_word' id='word_1_122' title='bbox 686 1509 865 1572; x_wconf 76' lang='lat' dir='ltr'><strong>redeuntem</strong></span> <span class='ocrx_word' id='word_1_123' title='bbox 885 1509 1041 1579; x_wconf 88' lang='lat' dir='ltr'><strong>nuntiare;</strong></span> <span class='ocrx_word' id='word_1_124' title='bbox 1062 1509 1159 1570; x_wconf 89' lang='lat' dir='ltr'><strong>multo</strong></span> 
     </span>
     <span class='ocr_line' id='line_1_17' title="bbox 175 1592 1160 1672; baseline -0.002 -18"><span class='ocrx_word' id='word_1_125' title='bbox 175 1595 341 1656; x_wconf 90' lang='lat' dir='ltr'><strong>maioribus</strong></span> <span class='ocrx_word' id='word_1_126' title='bbox 364 1609 456 1670; x_wconf 90' lang='lat' dir='ltr'><strong>quam</strong></span> <span class='ocrx_word' id='word_1_127' title='bbox 477 1603 547 1656; x_wconf 89' lang='lat' dir='ltr'><strong>ante</strong></span> <span class='ocrx_word' id='word_1_128' title='bbox 561 1595 758 1656; x_wconf 85' lang='lat' dir='ltr'><strong>terrestribus</strong></span> <span class='ocrx_word' id='word_1_129' title='bbox 773 1594 997 1672; x_wconf 88' lang='lat' dir='ltr'><strong>navalibusque</strong></span> <span class='ocrx_word' id='word_1_130' title='bbox 1011 1592 1113 1668; x_wconf 89' lang='lat' dir='ltr'><strong>copiis</strong></span> <span class='ocrx_word' id='word_1_131' title='bbox 1128 1593 1160 1652; x_wconf 91' lang='lat' dir='ltr'><strong>in</strong></span> 
     </span>
     <span class='ocr_line' id='line_1_18' title="bbox 174 1677 1158 1756; baseline 0 -18"><span class='ocrx_word' id='word_1_132' title='bbox 174 1678 330 1753; x_wconf 85' lang='lat' dir='ltr'><strong>Europam</strong></span> <span class='ocrx_word' id='word_1_133' title='bbox 349 1693 420 1739; x_wconf 91' lang='lat' dir='ltr'><strong>eum</strong></span> <span class='ocrx_word' id='word_1_134' title='bbox 436 1679 594 1740; x_wconf 86' lang='lat' dir='ltr'><strong>transisse.</strong></span> <span class='ocrx_word' id='word_1_135' title='bbox 624 1678 652 1740; x_wconf 92' lang='lat' dir='ltr'><strong>si</strong></span> <span class='ocrx_word' id='word_1_136' title='bbox 666 1687 851 1756; x_wconf 89' lang='lat' dir='ltr'><strong>occupasset</strong></span> <span class='ocrx_word' id='word_1_137' title='bbox 866 1678 986 1739; x_wconf 91' lang='lat' dir='ltr'><strong>obsidio</strong></span> <span class='ocrx_word' id='word_1_138' title='bbox 1000 1677 1158 1738; x_wconf 86' lang='lat' dir='ltr'><strong>Lacedae·</strong></span> 
     </span>
     <span class='ocr_line' id='line_1_19' title="bbox 175 1761 1157 1840; baseline -0.002 -18"><span class='ocrx_word' id='word_1_139' title='bbox 175 1763 274 1823; x_wconf 92' lang='lat' dir='ltr'><strong>monis</strong></span> <span class='ocrx_word' id='word_1_140' title='bbox 289 1763 470 1838; x_wconf 84' lang='lat' dir='ltr'><strong>exercitum,</strong></span> <span class='ocrx_word' id='word_1_141' title='bbox 486 1763 598 1840; x_wconf 89' lang='lat' dir='ltr'><strong>quibus</strong></span> <span class='ocrx_word' id='word_1_142' title='bbox 613 1761 681 1824; x_wconf 91' lang='lat' dir='ltr'><strong>aliis</strong></span> <span class='ocrx_word' id='word_1_143' title='bbox 698 1763 796 1840; x_wconf 88' lang='lat' dir='ltr'><strong>copiis</strong></span> <span class='ocrx_word' id='word_1_144' title='bbox 810 1763 960 1823; x_wconf 89' lang='lat' dir='ltr'><strong>adversus</strong></span> <span class='ocrx_word' id='word_1_145' title='bbox 975 1777 1082 1836; x_wconf 85' lang='lat' dir='ltr'><strong>regem</strong></span> <span class='ocrx_word' id='word_1_146' title='bbox 1097 1768 1157 1821; x_wconf 90' lang='lat' dir='ltr'><strong>tam</strong></span> 
     </span>
     <span class='ocr_line' id='line_1_20' title="bbox 174 1845 1157 1924; baseline -0.001 -18"><span class='ocrx_word' id='word_1_147' title='bbox 174 1845 309 1908; x_wconf 76' lang='lat' dir='ltr'><strong>validum</strong></span> <span class='ocrx_word' id='word_1_148' title='bbox 333 1861 370 1907; x_wconf 88' lang='lat' dir='ltr'><strong>ac</strong></span> <span class='ocrx_word' id='word_1_149' title='bbox 390 1853 545 1923; x_wconf 90' lang='lat' dir='ltr'><strong>potentem</strong></span> <span class='ocrx_word' id='word_1_150' title='bbox 569 1848 682 1908; x_wconf 92' lang='lat' dir='ltr'><strong>bellum</strong></span> <span class='ocrx_word' id='word_1_151' title='bbox 706 1853 869 1924; x_wconf 72' lang='lat' dir='ltr'><strong>gesturos?</strong></span> <span class='ocrx_word' id='word_1_152' title='bbox 898 1846 976 1908; x_wconf 89' lang='lat' dir='ltr'><strong>haee</strong></span> <span class='ocrx_word' id='word_1_153' title='bbox 996 1847 1157 1922; x_wconf 84' lang='lat' dir='ltr'><strong>propalam</strong></span> 
     </span>
     <span class='ocr_line' id='line_1_21' title="bbox 173 1930 1156 2008; baseline 0.002 -18"><span class='ocrx_word' id='word_1_154' title='bbox 173 1930 311 1992; x_wconf 82' lang='lat' dir='ltr'><strong>dicebat:</strong></span> <span class='ocrx_word' id='word_1_155' title='bbox 338 1930 390 1990; x_wconf 91' lang='lat' dir='ltr'><strong>illa</strong></span> <span class='ocrx_word' id='word_1_156' title='bbox 409 1933 501 1992; x_wconf 89' lang='lat' dir='ltr'><strong>tacite</strong></span> <span class='ocrx_word' id='word_1_157' title='bbox 521 1932 647 1994; x_wconf 89' lang='lat' dir='ltr'><strong>suberat</strong></span> <span class='ocrx_word' id='word_1_158' title='bbox 660 1947 749 2008; x_wconf 90' lang='lat' dir='ltr'><strong>cura,</strong></span> <span class='ocrx_word' id='word_1_159' title='bbox 770 1948 809 1992; x_wconf 90' lang='lat' dir='ltr'><strong>ne</strong></span> <span class='ocrx_word' id='word_1_160' title='bbox 823 1947 922 1992; x_wconf 92' lang='lat' dir='ltr'><strong>novus</strong></span> <span class='ocrx_word' id='word_1_161' title='bbox 938 1930 1047 1993; x_wconf 91' lang='lat' dir='ltr'><strong>consul</strong></span> <span class='ocrx_word' id='word_1_162' title='bbox 1063 1930 1156 1992; x_wconf 86' lang='lat' dir='ltr'><strong>Grae·</strong></span> 
     </span>
     <span class='ocr_line' id='line_1_22' title="bbox 175 2014 1153 2090; baseline -0.002 -14"><span class='ocrx_word' id='word_1_163' title='bbox 175 2015 252 2076; x_wconf 90' lang='lat' dir='ltr'><strong>ciam</strong></span> <span class='ocrx_word' id='word_1_164' title='bbox 275 2014 462 2090; x_wconf 89' lang='lat' dir='ltr'><strong>provinciam</strong></span> <span class='ocrx_word' id='word_1_165' title='bbox 483 2017 642 2078; x_wconf 90' lang='lat' dir='ltr'><strong>sortiretur</strong></span> <span class='ocrx_word' id='word_1_166' title='bbox 657 2023 686 2076; x_wconf 91' lang='lat' dir='ltr'><strong>et</strong></span> <span class='ocrx_word' id='word_1_167' title='bbox 706 2015 839 2077; x_wconf 86' lang='lat' dir='ltr'><strong>inchoati</strong></span> <span class='ocrx_word' id='word_1_168' title='bbox 856 2015 928 2076; x_wconf 93' lang='lat' dir='ltr'><strong>belli</strong></span> <span class='ocrx_word' id='word_1_169' title='bbox 942 2014 1071 2075; x_wconf 89' lang='lat' dir='ltr'><strong>victoria</strong></span> <span class='ocrx_word' id='word_1_170' title='bbox 1086 2030 1153 2074; x_wconf 88' lang='lat' dir='ltr'><strong>sue·</strong></span> 
     </span>
     <span class='ocr_line' id='line_1_23' title="bbox 173 2097 1153 2162; baseline 0.004 -4"><span class='ocrx_word' id='word_1_171' title='bbox 173 2098 294 2159; x_wconf 87' lang='lat' dir='ltr'><strong>cessari</strong></span> <span class='ocrx_word' id='word_1_172' title='bbox 308 2097 457 2158; x_wconf 89' lang='lat' dir='ltr'><strong>tradenda</strong></span> <span class='ocrx_word' id='word_1_173' title='bbox 472 2106 564 2160; x_wconf 88' lang='lat' dir='ltr'><strong>esset.</strong></span> <span class='ocrx_word' id='word_1_174' title='bbox 593 2099 727 2160; x_wconf 91' lang='lat' dir='ltr'>XXXIV.</span> <span class='ocrx_word' id='word_1_175' title='bbox 751 2115 821 2162; x_wconf 90' lang='lat' dir='ltr'><strong>cum</strong></span> <span class='ocrx_word' id='word_1_176' title='bbox 835 2098 985 2160; x_wconf 90' lang='lat' dir='ltr'><strong>adversus</strong></span> <span class='ocrx_word' id='word_1_177' title='bbox 999 2097 1153 2162; x_wconf 77' lang='lat' dir='ltr'><strong>tendendo</strong></span> 
     </span>
     <span class='ocr_line' id='line_1_24' title="bbox 175 2181 1156 2256; baseline 0.002 -17"><span class='ocrx_word' id='word_1_178' title='bbox 175 2181 248 2240; x_wconf 92' lang='lat' dir='ltr'><strong>nihil</strong></span> <span class='ocrx_word' id='word_1_179' title='bbox 262 2189 400 2242; x_wconf 90' lang='lat' dir='ltr'><strong>moveret</strong></span> <span class='ocrx_word' id='word_1_180' title='bbox 413 2183 527 2256; x_wconf 90' lang='lat' dir='ltr'><strong>socios,</strong></span> <span class='ocrx_word' id='word_1_181' title='bbox 544 2183 716 2245; x_wconf 90' lang='lat' dir='ltr'><strong>simulando</strong></span> <span class='ocrx_word' id='word_1_182' title='bbox 732 2199 767 2244; x_wconf 90' lang='lat' dir='ltr'><strong>se</strong></span> <span class='ocrx_word' id='word_1_183' title='bbox 781 2183 912 2246; x_wconf 90' lang='lat' dir='ltr'><strong>transire</strong></span> <span class='ocrx_word' id='word_1_184' title='bbox 926 2182 955 2242; x_wconf 92' lang='lat' dir='ltr'><strong>in</strong></span> <span class='ocrx_word' id='word_1_185' title='bbox 968 2197 1075 2243; x_wconf 89' lang='lat' dir='ltr'><strong>eorum</strong></span> <span class='ocrx_word' id='word_1_186' title='bbox 1086 2197 1156 2241; x_wconf 88' lang='lat' dir='ltr'><strong>sen-</strong></span> 
     </span>
     <span class='ocr_line' id='line_1_25' title="bbox 174 2263 1157 2340; baseline 0.002 -16"><span class='ocrx_word' id='word_1_187' title='bbox 174 2263 296 2324; x_wconf 86' lang='lat' dir='ltr'><strong>tentiam</strong></span> <span class='ocrx_word' id='word_1_188' title='bbox 315 2263 414 2325; x_wconf 89' lang='lat' dir='ltr'><strong>omnis</strong></span> <span class='ocrx_word' id='word_1_189' title='bbox 436 2267 466 2325; x_wconf 93' lang='lat' dir='ltr'><strong>in</strong></span> <span class='ocrx_word' id='word_1_190' title='bbox 488 2265 655 2328; x_wconf 90' lang='lat' dir='ltr'><strong>adsensum</strong></span> <span class='ocrx_word' id='word_1_191' title='bbox 676 2268 794 2330; x_wconf 86' lang='lat' dir='ltr'><strong>consilii</strong></span> <span class='ocrx_word' id='word_1_192' title='bbox 815 2267 863 2328; x_wconf 91' lang='lat' dir='ltr'><strong>sui</strong></span> <span class='ocrx_word' id='word_1_193' title='bbox 884 2266 1026 2330; x_wconf 80' lang='lat' dir='ltr'><strong>tradtudt.</strong></span> <span class='ocrx_word' id='word_1_194' title='bbox 1056 2265 1157 2340; x_wconf 89' lang='lat' dir='ltr'><strong>„bene</strong></span> 
     </span>
     <span class='ocr_line' id='line_1_26' title="bbox 174 2349 1158 2426; baseline 0.004 -20"><span class='ocrx_word' id='word_1_195' title='bbox 174 2351 307 2424; x_wconf 87' lang='lat' dir='ltr'><strong>uertat‚“</strong></span> <span class='ocrx_word' id='word_1_196' title='bbox 328 2349 426 2424; x_wconf 88' lang='lat' dir='ltr'><strong>inquit</strong></span> <span class='ocrx_word' id='word_1_197' title='bbox 444 2350 661 2426; x_wconf 89' lang='lat' dir='ltr'><strong>„obsideamus</strong></span> <span class='ocrx_word' id='word_1_198' title='bbox 676 2351 953 2425; x_wconf 75' lang='lat' dir='ltr'><strong>Lacedaemonem,</strong></span> <span class='ocrx_word' id='word_1_199' title='bbox 976 2350 1100 2426; x_wconf 92' lang='lat' dir='ltr'><strong>quando</strong></span> <span class='ocrx_word' id='word_1_200' title='bbox 1115 2350 1158 2410; x_wconf 88' lang='lat' dir='ltr'><strong>ita</strong></span> 
     </span>
     <span class='ocr_line' id='line_1_27' title="bbox 175 2433 1157 2512; baseline 0.003 -20"><span class='ocrx_word' id='word_1_201' title='bbox 175 2434 290 2508; x_wconf 72' lang='lat' dir='ltr'><strong>placem</strong></span> <span class='ocrx_word' id='word_1_202' title='bbox 314 2433 399 2512; x_wconf 89' lang='lat' dir='ltr'><strong>[illud</strong></span> <span class='ocrx_word' id='word_1_203' title='bbox 413 2435 506 2498; x_wconf 89' lang='lat' dir='ltr'><strong>modo</strong></span> <span class='ocrx_word' id='word_1_204' title='bbox 521 2451 561 2498; x_wconf 90' lang='lat' dir='ltr'><strong>ne</strong></span> <span class='ocrx_word' id='word_1_205' title='bbox 575 2437 668 2510; x_wconf 84' lang='lat' dir='ltr'><strong>sallat]</strong></span> <span class='ocrx_word' id='word_1_206' title='bbox 684 2443 833 2509; x_wconf 87' lang='lat' dir='ltr'><strong>ceterum,</strong></span> <span class='ocrx_word' id='word_1_207' title='bbox 848 2451 917 2496; x_wconf 90' lang='lat' dir='ltr'><strong>cum</strong></span> <span class='ocrx_word' id='word_1_208' title='bbox 930 2449 983 2496; x_wconf 88' lang='lat' dir='ltr'><strong>res</strong></span> <span class='ocrx_word' id='word_1_209' title='bbox 998 2440 1061 2494; x_wconf 89' lang='lat' dir='ltr'><strong>tam</strong></span> <span class='ocrx_word' id='word_1_210' title='bbox 1075 2435 1157 2495; x_wconf 89' lang='lat' dir='ltr'><strong>lenta</strong></span> 
     </span>
     <span class='ocr_line' id='line_1_28' title="bbox 174 2516 1157 2598; baseline -0.001 -19"><span class='ocrx_word' id='word_1_211' title='bbox 174 2533 269 2593; x_wconf 81' lang='lat' dir='ltr'><strong>quant</strong></span> <span class='ocrx_word' id='word_1_212' title='bbox 289 2517 350 2594; x_wconf 91' lang='lat' dir='ltr'><strong>ipsi</strong></span> <span class='ocrx_word' id='word_1_213' title='bbox 373 2519 459 2582; x_wconf 90' lang='lat' dir='ltr'><strong>scitis</strong></span> <span class='ocrx_word' id='word_1_214' title='bbox 482 2520 672 2598; x_wconf 75' lang='lat' dir='ltr'><strong>oppugnatio</strong></span> <span class='ocrx_word' id='word_1_215' title='bbox 687 2519 805 2582; x_wconf 90' lang='lat' dir='ltr'><strong>urbium</strong></span> <span class='ocrx_word' id='word_1_216' title='bbox 821 2519 875 2594; x_wconf 91' lang='lat' dir='ltr'><strong>sit,</strong></span> <span class='ocrx_word' id='word_1_217' title='bbox 897 2524 928 2580; x_wconf 89' lang='lat' dir='ltr'><strong>et</strong></span> <span class='ocrx_word' id='word_1_218' title='bbox 942 2516 1157 2580; x_wconf 92' lang='lat' dir='ltr'><strong>obsidentibus</strong></span> 
     </span>
     <span class='ocr_line' id='line_1_29' title="bbox 175 2601 1157 2680; baseline -0.002 -16"><span class='ocrx_word' id='word_1_219' title='bbox 175 2601 261 2678; x_wconf 91' lang='lat' dir='ltr'><strong>prius</strong></span> <span class='ocrx_word' id='word_1_220' title='bbox 276 2617 372 2680; x_wconf 88' lang='lat' dir='ltr'><strong>saepe</strong></span> <span class='ocrx_word' id='word_1_221' title='bbox 386 2621 478 2680; x_wconf 89' lang='lat' dir='ltr'><strong>quam</strong></span> <span class='ocrx_word' id='word_1_222' title='bbox 493 2605 632 2666; x_wconf 85' lang='lat' dir='ltr'><strong>obsessis</strong></span> <span class='ocrx_word' id='word_1_223' title='bbox 646 2604 778 2666; x_wconf 87' lang='lat' dir='ltr'><strong>taedium</strong></span> <span class='ocrx_word' id='word_1_224' title='bbox 790 2603 917 2678; x_wconf 78' lang='lat' dir='ltr'><strong>adierat</strong></span> <span class='ocrx_word' id='word_1_225' title='bbox 931 2604 991 2664; x_wconf 91' lang='lat' dir='ltr'><strong>iam</strong></span> <span class='ocrx_word' id='word_1_226' title='bbox 1001 2617 1085 2662; x_wconf 91' lang='lat' dir='ltr'><strong>nunc</strong></span> <span class='ocrx_word' id='word_1_227' title='bbox 1095 2601 1157 2664; x_wconf 88' lang='lat' dir='ltr'><strong>hoe</strong></span> 
     </span>
     <span class='ocr_line' id='line_1_30' title="bbox 173 2683 1143 2764; baseline 0 -18"><span class='ocrx_word' id='word_1_228' title='bbox 173 2685 217 2746; x_wconf 86' lang='lat' dir='ltr'><strong>ita</strong></span> <span class='ocrx_word' id='word_1_229' title='bbox 231 2702 407 2762; x_wconf 88' lang='lat' dir='ltr'><strong>proponere</strong></span> <span class='ocrx_word' id='word_1_230' title='bbox 421 2705 479 2752; x_wconf 90' lang='lat' dir='ltr'><strong>vos</strong></span> <span class='ocrx_word' id='word_1_231' title='bbox 494 2688 603 2750; x_wconf 88' lang='lat' dir='ltr'><strong>animis</strong></span> <span class='ocrx_word' id='word_1_232' title='bbox 619 2695 749 2764; x_wconf 91' lang='lat' dir='ltr'><strong>oportet,</strong></span> <span class='ocrx_word' id='word_1_233' title='bbox 764 2688 987 2748; x_wconf 86' lang='lat' dir='ltr'><strong>hibernandum</strong></span> <span class='ocrx_word' id='word_1_234' title='bbox 1003 2687 1085 2748; x_wconf 89' lang='lat' dir='ltr'><strong>cirea</strong></span> <span class='ocrx_word' id='word_1_235' title='bbox 1098 2683 1143 2746; x_wconf 90' lang='lat' dir='ltr'><strong>La</strong></span> 
     </span>
     <span class='ocr_line' id='line_1_31' title="bbox 174 2771 1159 2848; baseline 0.003 -20"><span class='ocrx_word' id='word_1_236' title='bbox 174 2772 373 2832; x_wconf 89' lang='lat' dir='ltr'><strong>cedaemonis</strong></span> <span class='ocrx_word' id='word_1_237' title='bbox 393 2773 515 2834; x_wconf 88' lang='lat' dir='ltr'><strong>moenie</strong></span> <span class='ocrx_word' id='word_1_238' title='bbox 534 2787 615 2832; x_wconf 91' lang='lat' dir='ltr'><strong>esse.</strong></span> <span class='ocrx_word' id='word_1_239' title='bbox 649 2788 729 2848; x_wconf 89' lang='lat' dir='ltr'><strong>quae</strong></span> <span class='ocrx_word' id='word_1_240' title='bbox 748 2788 834 2834; x_wconf 90' lang='lat' dir='ltr'><strong>mora</strong></span> <span class='ocrx_word' id='word_1_241' title='bbox 847 2772 875 2832; x_wconf 91' lang='lat' dir='ltr'><strong>sl</strong></span> <span class='ocrx_word' id='word_1_242' title='bbox 890 2771 1026 2832; x_wconf 90' lang='lat' dir='ltr'><strong>laborem</strong></span> <span class='ocrx_word' id='word_1_243' title='bbox 1040 2775 1159 2832; x_wconf 86' lang='lat' dir='ltr'><strong>tantum</strong></span> 
     </span>
     <span class='ocr_line' id='line_1_32' title="bbox 174 2851 1156 2932; baseline 0.001 -19"><span class='ocrx_word' id='word_1_244' title='bbox 174 2869 213 2914; x_wconf 88' lang='lat' dir='ltr'><strong>ac</strong></span> <span class='ocrx_word' id='word_1_245' title='bbox 228 2851 397 2929; x_wconf 87' lang='lat' dir='ltr'><strong>periculum</strong></span> <span class='ocrx_word' id='word_1_246' title='bbox 411 2855 545 2928; x_wconf 79' lang='lat' dir='ltr'><strong>haberet</strong></span> <span class='ocrx_word' id='word_1_247' title='bbox 561 2862 638 2916; x_wconf 91' lang='lat' dir='ltr'><strong>utet</strong></span> <span class='ocrx_word' id='word_1_248' title='bbox 652 2857 760 2928; x_wconf 87' lang='lat' dir='ltr'><strong>animis</strong></span> <span class='ocrx_word' id='word_1_249' title='bbox 775 2862 805 2917; x_wconf 89' lang='lat' dir='ltr'><strong>et</strong></span> <span class='ocrx_word' id='word_1_250' title='bbox 816 2855 999 2932; x_wconf 83' lang='lat' dir='ltr'><strong>corporibus</strong></span> <span class='ocrx_word' id='word_1_251' title='bbox 1012 2855 1053 2916; x_wconf 88' lang='lat' dir='ltr'><strong>ad</strong></span> <span class='ocrx_word' id='word_1_252' title='bbox 1063 2854 1156 2916; x_wconf 89' lang='lat' dir='ltr'><strong>susti-</strong></span> 
     </span>
     <span class='ocr_line' id='line_1_33' title="bbox 174 2937 1156 3014; baseline 0.002 -16"><span class='ocrx_word' id='word_1_253' title='bbox 174 2937 277 2998; x_wconf 90' lang='lat' dir='ltr'><strong>nenda</strong></span> <span class='ocrx_word' id='word_1_254' title='bbox 291 2951 327 2996; x_wconf 91' lang='lat' dir='ltr'><strong>ea</strong></span> <span class='ocrx_word' id='word_1_255' title='bbox 342 2938 438 3013; x_wconf 88' lang='lat' dir='ltr'><strong>parati</strong></span> <span class='ocrx_word' id='word_1_256' title='bbox 454 2937 565 3000; x_wconf 89' lang='lat' dir='ltr'><strong>essetis</strong></span> <span class='ocrx_word' id='word_1_257' title='bbox 580 2939 719 3001; x_wconf 90' lang='lat' dir='ltr'><strong>hortarer</strong></span> <span class='ocrx_word' id='word_1_258' title='bbox 732 2957 805 3002; x_wconf 82' lang='lat' dir='ltr'><strong>vos=</strong></span> <span class='ocrx_word' id='word_1_259' title='bbox 828 2955 909 3002; x_wconf 87' lang='lat' dir='ltr'><strong>nunc</strong></span> <span class='ocrx_word' id='word_1_260' title='bbox 922 2939 1064 3014; x_wconf 89' lang='lat' dir='ltr'><strong>impensa</strong></span> <span class='ocrx_word' id='word_1_261' title='bbox 1079 2954 1156 3014; x_wconf 88' lang='lat' dir='ltr'><strong>quo-</strong></span> 
     </span>
     <span class='ocr_line' id='line_1_34' title="bbox 176 3022 1156 3100; baseline 0 -18"><span class='ocrx_word' id='word_1_262' title='bbox 176 3037 237 3100; x_wconf 73' lang='lat' dir='ltr'><strong>que</strong></span> <span class='ocrx_word' id='word_1_263' title='bbox 257 3036 368 3097; x_wconf 77' lang='lat' dir='ltr'><strong>magna</strong></span> <span class='ocrx_word' id='word_1_264' title='bbox 388 3029 458 3100; x_wconf 79' lang='lat' dir='ltr'><strong>eget</strong></span> <span class='ocrx_word' id='word_1_265' title='bbox 471 3022 502 3084; x_wconf 90' lang='lat' dir='ltr'><strong>in</strong></span> <span class='ocrx_word' id='word_1_266' title='bbox 519 3039 629 3099; x_wconf 89' lang='lat' dir='ltr'><strong>opera,</strong></span> <span class='ocrx_word' id='word_1_267' title='bbox 651 3024 681 3084; x_wconf 93' lang='lat' dir='ltr'><strong>in</strong></span> <span class='ocrx_word' id='word_1_268' title='bbox 696 3024 936 3086; x_wconf 87' lang='lat' dir='ltr'><strong>machinationes</strong></span> <span class='ocrx_word' id='word_1_269' title='bbox 951 3031 981 3085; x_wconf 91' lang='lat' dir='ltr'><strong>et</strong></span> <span class='ocrx_word' id='word_1_270' title='bbox 994 3027 1156 3096; x_wconf 82' lang='lat' dir='ltr'><strong>tormenta,</strong></span> 
     </span>
     <span class='ocr_line' id='line_1_35' title="bbox 173 3104 1158 3185; baseline -0.001 -18"><span class='ocrx_word' id='word_1_271' title='bbox 173 3106 288 3184; x_wconf 85' lang='lat' dir='ltr'><strong>quibus</strong></span> <span class='ocrx_word' id='word_1_272' title='bbox 307 3111 390 3168; x_wconf 87' lang='lat' dir='ltr'><strong>tanta</strong></span> <span class='ocrx_word' id='word_1_273' title='bbox 408 3107 483 3169; x_wconf 90' lang='lat' dir='ltr'><strong>urbs</strong></span> <span class='ocrx_word' id='word_1_274' title='bbox 505 3108 714 3185; x_wconf 81' lang='lat' dir='ltr'><strong>oppugnanda</strong></span> <span class='ocrx_word' id='word_1_275' title='bbox 733 3116 795 3182; x_wconf 90' lang='lat' dir='ltr'><strong>est,</strong></span> <span class='ocrx_word' id='word_1_276' title='bbox 816 3109 847 3170; x_wconf 94' lang='lat' dir='ltr'><strong>in</strong></span> <span class='ocrx_word' id='word_1_277' title='bbox 863 3114 1050 3170; x_wconf 86' lang='lat' dir='ltr'><strong>commeatus</strong></span> <span class='ocrx_word' id='word_1_278' title='bbox 1067 3104 1158 3166; x_wconf 88' lang='lat' dir='ltr'><strong>vobis</strong></span> 
     </span>
     <span class='ocr_line' id='line_1_36' title="bbox 174 3189 1160 3269; baseline -0.002 -17"><span class='ocrx_word' id='word_1_279' title='bbox 174 3192 328 3268; x_wconf 87' lang='lat' dir='ltr'><strong>nobisque</strong></span> <span class='ocrx_word' id='word_1_280' title='bbox 348 3191 378 3252; x_wconf 90' lang='lat' dir='ltr'><strong>in</strong></span> <span class='ocrx_word' id='word_1_281' title='bbox 393 3189 522 3252; x_wconf 89' lang='lat' dir='ltr'><strong>hiemem</strong></span> <span class='ocrx_word' id='word_1_282' title='bbox 537 3191 758 3269; x_wconf 86' lang='lat' dir='ltr'><strong>expediendos.</strong></span> <span class='ocrx_word' id='word_1_283' title='bbox 790 3193 895 3268; x_wconf 88' lang='lat' dir='ltr'><strong>itaque</strong></span> <span class='ocrx_word' id='word_1_284' title='bbox 909 3207 948 3252; x_wconf 90' lang='lat' dir='ltr'><strong>ne</strong></span> <span class='ocrx_word' id='word_1_285' title='bbox 962 3198 1016 3252; x_wconf 90' lang='lat' dir='ltr'><strong>aul</strong></span> <span class='ocrx_word' id='word_1_286' title='bbox 1027 3194 1160 3266; x_wconf 82' lang='lat' dir='ltr'><strong>repente</strong></span> 
     </span>
     <span class='ocr_line' id='line_1_37' title="bbox 148 3272 1160 3352; baseline -0.003 -16"><span class='ocrx_word' id='word_1_287' title='bbox 148 3276 348 3351; x_wconf 63' lang='lat' dir='ltr'><strong>ntrepidetis,</strong></span> <span class='ocrx_word' id='word_1_288' title='bbox 375 3282 427 3337; x_wconf 92' lang='lat' dir='ltr'><strong>aut</strong></span> <span class='ocrx_word' id='word_1_289' title='bbox 446 3291 510 3337; x_wconf 90' lang='lat' dir='ltr'><strong>rem</strong></span> <span class='ocrx_word' id='word_1_290' title='bbox 532 3275 704 3336; x_wconf 88' lang='lat' dir='ltr'><strong>inchoatam</strong></span> <span class='ocrx_word' id='word_1_291' title='bbox 720 3276 849 3352; x_wconf 89' lang='lat' dir='ltr'><strong>turpiter</strong></span> <span class='ocrx_word' id='word_1_292' title='bbox 870 3272 1058 3346; x_wconf 89' lang='lat' dir='ltr'><strong>destituatis,</strong></span> <span class='ocrx_word' id='word_1_293' title='bbox 1080 3272 1160 3334; x_wconf 87' lang='lat' dir='ltr'><strong>scri-</strong></span> 
     </span>
     <span class='ocr_line' id='line_1_38' title="bbox 175 3357 1157 3440; baseline -0.001 -22"><span class='ocrx_word' id='word_1_294' title='bbox 175 3359 308 3420; x_wconf 91' lang='lat' dir='ltr'><strong>bendum</strong></span> <span class='ocrx_word' id='word_1_295' title='bbox 323 3367 392 3440; x_wconf 86' lang='lat' dir='ltr'><strong>ante</strong></span> <span class='ocrx_word' id='word_1_296' title='bbox 405 3360 517 3422; x_wconf 84' lang='lat' dir='ltr'><strong>vestris</strong></span> <span class='ocrx_word' id='word_1_297' title='bbox 533 3359 706 3420; x_wconf 89' lang='lat' dir='ltr'><strong>civitatibus</strong></span> <span class='ocrx_word' id='word_1_298' title='bbox 717 3375 840 3433; x_wconf 86' lang='lat' dir='ltr'><strong>censeo,</strong></span> <span class='ocrx_word' id='word_1_299' title='bbox 857 3357 1157 3436; x_wconf 84' lang='lat' dir='ltr'><strong>explorandnmque,</strong></span> 
     </span>
     <span class='ocr_line' id='line_1_39' title="bbox 173 3439 1164 3520; baseline 0.002 -20"><span class='ocrx_word' id='word_1_300' title='bbox 173 3441 250 3514; x_wconf 85' lang='lat' dir='ltr'><strong>quid</strong></span> <span class='ocrx_word' id='word_1_301' title='bbox 265 3458 407 3520; x_wconf 89' lang='lat' dir='ltr'><strong>quaeque</strong></span> <span class='ocrx_word' id='word_1_302' title='bbox 419 3442 519 3516; x_wconf 90' lang='lat' dir='ltr'><strong>animi,</strong></span> <span class='ocrx_word' id='word_1_303' title='bbox 535 3442 609 3518; x_wconf 91' lang='lat' dir='ltr'><strong>quid</strong></span> <span class='ocrx_word' id='word_1_304' title='bbox 622 3442 731 3504; x_wconf 90' lang='lat' dir='ltr'><strong>virium</strong></span> <span class='ocrx_word' id='word_1_305' title='bbox 742 3443 861 3504; x_wconf 90' lang='lat' dir='ltr'><strong>habeat.</strong></span> <span class='ocrx_word' id='word_1_306' title='bbox 884 3443 1070 3504; x_wconf 85' lang='lat' dir='ltr'><strong>auxiliorum</strong></span> <span class='ocrx_word' id='word_1_307' title='bbox 1081 3439 1164 3502; x_wconf 88' lang='lat' dir='ltr'><strong>satis</strong></span> 
     </span>
    </p>
   </div>
   <div class='ocr_carea' id='block_1_3' title="bbox 0 0 1246 3892">
    <p class='ocr_par' dir='ltr' id='par_1_3' title="bbox 0 0 1246 3892">
     <span class='ocr_line' id='line_1_40' title="bbox 0 0 1246 3892; baseline 0 0"><span class='ocrx_word' id='word_1_308' title='bbox 0 0 1246 3892; x_wconf 95' lang='lat' dir='ltr'><strong> </strong></span> 
     </span>
    </p>
   </div>
  </div>
 </body>
</html>
