2482 3900
182 227 222 292 16
327 223 441 282 Llsslllt
454 221 558 282 XXXI.
580 219 662 280 CAP.
679 229 721 282 la.
739 227 781 282 19.
804 226 839 293 [a.
856 224 890 278 U.
906 242 929 277 e.
945 223 1008 292 552]

178 376 309 440 maxime
325 374 470 450 Abydum
484 379 685 447 oppugnaret,
700 387 770 432 cum
784 385 849 446 rex,
865 371 905 430 ab
915 371 1016 432 Attalo
1032 379 1063 432 et
1075 371 1155 433 Rho-

177 461 238 523 diis
252 461 331 520 ultro
348 473 382 518 se
397 456 478 517 bello
494 453 672 516 lacessitum
683 453 809 528 diceret,
821 471 914 529 „num
925 455 1069 532 Abydeni
1081 473 1159 531 quo·

178 550 260 621 que“
286 539 386 616 inquit
411 541 511 614 „ultro
532 538 586 599 tibi
606 538 771 600 intulerunt
791 543 921 602 armat“
948 537 1068 600 insueto
1084 554 1160 600 vera

178 627 285 689 audire
300 622 432 686 ferocior
447 622 543 684 oratio
560 621 627 682 visa
641 629 697 696 est,
720 639 812 699 quam
827 637 907 698 quae
920 620 1062 683 habenda
1075 624 1160 700 apud

178 727 282 786 regem
302 715 396 770 esset.
432 711 559 781 „oetas“
584 705 683 782 inquit
706 713 756 781 „et
777 706 874 768 lorma
892 713 923 767 et
942 721 1037 782 super
1056 706 1161 768 omnia

180 796 347 857 Romanum
362 807 473 852 nomen
488 797 518 850 te
533 789 714 851 ferociorem
728 789 808 850 lacit.
838 805 896 865 ego
912 797 1013 850 autem
1027 789 1160 866 primum
1237 851 1238 872 ἦ

179 877 271 938 velim
296 892 355 937 vos
381 873 540 936 foederum
564 889 718 936 memores
743 889 869 938 servare
893 889 1013 934 mecum
1037 889 1159 950 pacem.

179 962 227 1022 sin
241 961 323 1022 bello
338 956 500 1032 lacessitis,
521 956 595 1018 mihi
610 974 735 1034 quoque
749 956 850 1018 animo
866 961 915 1018 est
928 958 1044 1028 iacere;
1066 965 1096 1018 et
1110 974 1160 1018 re

179 1061 272 1121 gnum
287 1051 317 1105 et
327 1043 531 1103 Macedonum
545 1057 656 1103 nomen
670 1040 755 1102 haud
769 1039 869 1101 prinus
885 1057 976 1116 quarn
987 1041 1161 1102 Romanum

180 1128 281 1190 nobile
306 1125 475 1188 sentietis.“
518 1123 561 1186 ita
581 1125 709 1187 dimisso
731 1125 832 1201 legato
846 1123 1005 1200 Philippus
1020 1141 1095 1186 auro
1111 1141 1161 1186 ar-

178 1219 342 1288 gentoque,
360 1226 440 1286 quae
454 1217 636 1270 coacervata
652 1218 746 1283 erant,
762 1215 891 1284 accepto
902 1207 1058 1270 hominum
1068 1225 1161 1284 prae—

178 1297 249 1358 dam
271 1311 390 1357 omnem
411 1292 521 1354 amisit.
567 1299 649 1354 tanta
670 1292 750 1354 enim
764 1290 865 1354 rabies
878 1291 1098 1354 multitudinem
1114 1291 1162 1353 in·

178 1380 267 1453 vasit,
287 1386 321 1441 ut
334 1387 461 1453 repente
477 1377 616 1451 proditos
630 1375 688 1438 rati
703 1375 756 1453 qui
771 1382 943 1453 pugnantes
958 1383 1082 1438 mortem
1104 1391 1161 1436 oc·

178 1463 372 1534 cubuissent,
397 1459 625 1535 periuriumque
641 1459 720 1521 alius
735 1460 786 1520 alii
800 1460 1039 1537 exprobrantes,
1064 1467 1093 1520 et
1107 1475 1160 1520 sa·

178 1543 354 1606 cerdotibus
370 1543 511 1617 maxime,
527 1541 580 1618 qui
595 1559 675 1619 quos
691 1545 731 1605 ad
745 1551 874 1606 mortem
885 1543 1093 1616 devovissent,
1105 1559 1161 1604 eo-

178 1645 244 1689 rum
260 1627 446 1688 deditionem
462 1626 602 1687 vivorum
621 1625 705 1690 hosti
725 1627 887 1701 iecissent,
908 1635 1034 1705 repente
1049 1644 1161 1690 omnes

178 1713 217 1772 ad
234 1711 360 1772 caedem
378 1710 542 1786 coniugum
562 1709 791 1787 liberorumque
812 1709 1034 1787 discurrerent,
1059 1727 1163 1788 seque

178 1795 239 1870 ipsi
253 1811 310 1870 per
324 1810 432 1854 omncs
447 1794 513 1855 vias
534 1794 586 1855 leti
606 1793 820 1858 interficerent.
867 1795 1100 1872 obstupefactus
1121 1811 1163 1856 eo

179 1876 282 1940 lurore
302 1894 359 1938 rex
380 1877 555 1955 suppressit
575 1877 722 1954 impetum
742 1877 884 1955 militurn,
911 1887 941 1942 et
965 1877 1098 1941 triduum
1125 1895 1164 1940 se

179 1963 219 2023 ad
232 1960 424 2024 moriendum
437 1961 599 2040 Abydenis
615 1963 689 2024 dare
704 1961 789 2024 dixit.
822 1981 883 2039 quo
896 1963 997 2040 spatio
1011 1965 1102 2039 plura
1116 1965 1149 2022 ta

179 2045 284 2108 cinora
297 2044 328 2106 in
344 2063 380 2108 se
394 2045 466 2119 victi
488 2045 663 2120 ediderunt,
693 2063 784 2123 quam
805 2047 908 2110 infesti
930 2047 1101 2109 edidissent
1115 2046 1150 2106 vi

178 2139 296 2201 ctores3
322 2147 395 2204 nec,
421 2129 481 2191 nisi
502 2147 594 2206 quem
613 2129 736 2192 vincula
756 2140 809 2192 aut
822 2132 882 2192 alia
896 2130 1067 2192 necessitas
1082 2127 1160 2192 mon'

179 2212 349 2288 prohibuit,
374 2214 538 2290 quisquam
558 2214 649 2275 vivus
670 2215 700 2276 in
722 2223 905 2291 potestatem
919 2215 1011 2276 venit.
1046 2212 1161 2290 Philip·

179 2313 238 2372 pus
253 2296 399 2372 imposito
413 2297 517 2376 Abydi
532 2297 687 2373 praesidio
703 2297 733 2360 in
748 2316 874 2375 regnum
888 2297 987 2361 rediit.
1023 2315 1092 2360 cum
1107 2315 1162 2360 ve·

178 2383 222 2442 lut
236 2378 365 2458 Sagunti
386 2381 539 2444 excidium
559 2382 736 2457 Hannibali,
763 2383 808 2444 sic
829 2382 969 2460 Philippo
989 2383 1163 2462 Abydeno·

177 2482 244 2526 rum
259 2465 365 2526 clades
380 2467 420 2527 ad
433 2467 605 2528 Romanum
620 2468 732 2528 bellurn
752 2467 871 2528 animos
893 2465 1034 2541 lecisset,
1061 2464 1164 2527 nuntii

178 2559 378 2612 occurrerunt
402 2552 561 2613 consulem
584 2550 644 2612 iam
669 2552 700 2612 in
724 2549 818 2627 Epiro
852 2567 939 2622 essc,
976 2558 1007 2610 et
1031 2551 1164 2626 Apollo-

177 2632 259 2695 niam
273 2635 426 2697 terrestris
442 2635 565 2712 copias,
587 2635 705 2696 navalis
727 2635 892 2712 Corcyram
912 2635 942 2693 in
964 2633 1092 2695 hiberna
1107 2634 1163 2694 de-

176 2717 316 2780 duxisse.

260 2800 336 2860 XIX.
359 2802 440 2860 lnter
461 2801 538 2860 haec
558 2801 664 2874 legatis
688 2802 739 2876 qui
762 2803 791 2861 in
813 2803 948 2862 Africam
969 2801 1056 2862 missi
1072 2809 1166 2862 erant

178 2883 218 2942 de
232 2883 403 2942 Hamilcare
417 2883 523 2943 Gallici
538 2885 690 2945 exercitus
706 2887 794 2961 duce,
809 2902 994 2962 responsum
1006 2901 1024 2945 a
1036 2884 1164 2946 Cartha·

177 2965 366 3040 giniensibus
387 2973 435 3027 est
454 2966 528 3026 nihil
549 2969 628 3027 ultra
648 2985 683 3028 se
702 2969 803 3029 iacere
818 2987 928 3046 posse,
951 2985 1042 3046 quarn
1057 2976 1092 3029 ut
1105 2985 1164 3028 ex-

179 3049 336 3112 siliceum
356 3051 530 3124 multarent,
552 3051 634 3110 bona
655 3053 721 3114 cius
737 3053 934 3128 publicarent.
967 3053 1115 3128 perfugas
1133 3061 1165 3113 et

178 3133 331 3208 fugitivos,
348 3149 426 3208 quos
438 3133 620 3209 inquirendo
631 3137 784 3212 vestigare
796 3138 958 3212 potuerint,
972 3137 1163 3213 reddidisse,

178 3224 208 3276 et
222 3217 261 3276 de
282 3232 316 3276 ea
332 3233 366 3276 re
386 3219 536 3278 missuros
556 3213 673 3294 legatos
689 3222 831 3295 Romam,
855 3224 905 3296 qui
926 3221 1046 3281 senatui
1068 3221 1162 3282 satis·

178 3303 321 3361 lacerent.
357 3302 488 3363 ducenta
508 3304 588 3363 milia
609 3305 743 3366 modium
758 3305 847 3366 tritici
860 3307 1003 3377 Romam,
1025 3305 1162 3368 ducenta

177 3383 218 3442 ad
233 3385 399 3445 exercitum
412 3387 443 3445 in
458 3386 667 3450 Macedoniam
682 3390 836 3449 miserunt.
859 3389 931 3450 inde
945 3388 975 3448 in
986 3389 1161 3451 Numidiam

177 3465 216 3524 ad
232 3481 322 3541 reges
339 3469 466 3543 protecti
482 3471 581 3546 legati.
611 3471 692 3531 dona
707 3473 778 3534 data
791 3472 982 3548 Masinissae,
998 3472 1160 3534 mandata·
