2482 3900
273 228 506 292 umnaxxxi.
531 227 615 290 car.
629 236 729 293 aas.
754 235 790 304 [ι.
804 233 913 311 caco]
1040 231 1082 296 cs

24 385 26 434 ἶ
103 385 134 446 in
157 384 348 463 provinciam
371 383 525 458 venisset,
550 382 635 445 haud
655 383 733 444 clam
751 383 818 446 tulit
837 383 913 444 iram
934 385 1087 449 adversus

103 477 293 545 praetorem,
315 469 401 543 quod
421 469 550 530 absente
564 482 600 528 sa
613 482 679 527 rem
692 468 853 544 gessisset.
885 469 982 532 misso
997 469 1088 546 igitur

101 569 141 615 eo
162 555 193 614 in
214 553 364 614 Etruriam
383 552 453 628 ipse
472 552 504 613 in
525 567 633 628 agrum
652 552 784 614 hostium
803 553 942 628 legiones
956 554 1086 630 induxit,

102 637 362 714 populandoque,
384 651 454 697 curn
473 637 590 713 praeda
603 637 719 697 maiore
733 652 825 712 quam
838 637 951 712 gloria,
973 639 1087 702 belliun

101 722 211 796 gessia
232 721 266 782 L.
276 721 396 794 Furius,
412 721 502 783 simui
513 720 598 795 qnod
614 721 645 781 in
655 721 775 782 Etruria
783 721 857 782 nihil
869 729 935 782 erat
944 723 989 784 rei
1002 724 1087 799 quod

100 813 238 881 gereret,
256 805 347 866 simul
363 804 478 867 oniae
492 804 646 882 triumpho
660 805 836 881 imminens,
851 822 943 883 quem
958 807 1087 872 absente

101 892 232 952 consule
259 890 337 950 irato
362 895 456 964 atquo
482 889 637 950 invidente
664 889 785 950 lucilius
808 890 964 966 impetrari
989 907 1086 968 posse

98 981 203 1047 ratus,
222 973 351 1035 Romam
371 973 528 1050 inopinato
548 988 617 1034 cum
636 973 789 1048 venisset,
807 981 948 1036 senatum
960 975 992 1036 in
1007 977 1085 1039 aede

98 1058 249 1119 Bellonae
258 1057 381 1127 habuit;
395 1057 611 1134 expositisque
620 1058 715 1118 rebus
726 1058 832 1132 gestis,
843 1066 878 1120 ut
887 1059 1085 1136 triumphanti

99 1141 158 1202 sibi
173 1142 205 1202 in
220 1142 329 1203 urbem
345 1141 448 1202 invehi
462 1142 576 1215 liceret,
594 1141 677 1216 petia
697 1140 829 1201 XLVIII.
846 1143 930 1218 apud
943 1159 1085 1219 magnam

100 1233 219 1301 partem
242 1234 368 1288 senatus
388 1234 419 1286 et
437 1225 645 1302 magnitudine
664 1240 767 1286 rerum
787 1233 944 1300 gestarum
960 1227 1083 1289 valebat

38 1357 43 1368 .
102 1317 132 1370 ct
150 1310 260 1386 gratia.
295 1309 429 1371 maiores
454 1317 528 1371 natu
553 1309 707 1384 negabant
724 1307 925 1385 triumphum,
950 1316 981 1370 et
1001 1311 1084 1386 quod

98 1395 199 1456 alieno
220 1395 358 1455 exercitu
377 1409 443 1456 ram
460 1394 627 1471 gessisset,
648 1401 680 1454 et
700 1393 785 1469 quod
803 1394 994 1468 provinciam
1014 1395 1083 1458 reii-

96 1479 221 1555 qnissct
241 1478 407 1555 cupiditate
424 1478 564 1555 rapiendi
585 1491 642 1553 per
662 1477 857 1539 occasionem
871 1477 1030 1554 triumphi:
1051 1480 1084 1542 id

94 1579 173 1626 vero
198 1579 269 1624 eum
292 1563 376 1624 nullo
396 1564 538 1638 exemplo
560 1562 681 1623 iecisse.
714 1563 895 1624 consulares
916 1563 1084 1639 praecipue

94 1646 344 1724 exspectandum
359 1646 458 1708 inisse
471 1648 631 1708 consulem
645 1647 828 1708 censebant:
851 1646 991 1722 potuisse
1001 1650 1083 1709 anim

93 1733 209 1794 castris
231 1746 330 1808 prope
349 1731 457 1792 urbem
479 1730 588 1807 positis
605 1731 731 1792 tutanda
751 1731 873 1792 colonia
892 1731 948 1805 ita,
969 1739 1003 1794 ut
1016 1732 1083 1793 acie

93 1831 156 1876 non
174 1815 365 1888 decerneret,
380 1814 412 1874 in
426 1815 591 1876 adventum
604 1815 672 1876 eins
686 1829 752 1875 rem
762 1813 934 1876 extrahere.
956 1824 987 1877 et
997 1817 1083 1892 quod

93 1907 225 1975 praetor
238 1915 301 1960 non
315 1899 449 1972 lecisset,
467 1897 587 1960 senatui
601 1898 774 1960 laciendum
785 1914 866 1971 esse,
881 1908 915 1960 ut
924 1902 1081 1962 considam

91 1991 311 2060 exspectarem
342 1983 396 2044 ubi
417 1999 520 2046 coram
541 1983 741 2058 disceptantis
762 1985 920 2044 consulem
943 1990 974 2044 et
992 2000 1068 2060 prae

93 2083 197 2130 torem
225 2067 400 2141 audissent,
425 2067 531 2129 verius
557 2067 597 2127 de
621 2082 717 2128 causa
743 2066 972 2128 existimaturos
997 2082 1080 2129 csse.

91 2167 210 2228 magna
224 2168 298 2227 pars
313 2160 439 2213 senatus
455 2152 529 2211 nihil
544 2159 666 2227 praeter
678 2167 730 2212 res
744 2159 859 2227 gestas,
875 2159 906 2212 et
919 2167 959 2212 an
972 2151 1003 2212 ln
1017 2167 1080 2212 ma-

91 2239 228 2318 gistratu
248 2233 378 2312 suisque
398 2235 545 2312 auspiciis
565 2237 731 2310 gessisset,
753 2235 920 2297 censebant
939 2243 1082 2312 spectare

90 2330 239 2382 senatum
254 2319 376 2381 debere.
405 2335 446 2382 ex
460 2319 581 2382 duabus
597 2320 736 2394 coloniis,
758 2335 838 2395 quae
851 2321 935 2382 velut
948 2323 1082 2384 claustra

90 2407 131 2465 ad
151 2404 348 2466 cohibendos
363 2405 498 2476 Gallicos
512 2405 659 2466 tumultus
674 2405 838 2480 oppositae
851 2403 997 2480 luissent,
1012 2420 1082 2466 cum

89 2506 157 2550 una
171 2488 295 2564 direpta
308 2496 338 2550 ct
350 2489 479 2550 incensa
489 2496 581 2558 esset,
597 2489 855 2562 traiecturumque
865 2488 897 2548 id
907 2487 1081 2549 incendium

90 2575 179 2633 velut
200 2588 239 2632 ex
261 2573 487 2634 continentibus
506 2573 594 2633 lectis
614 2573 644 2632 in
660 2574 787 2633 alteram
799 2579 861 2631 tum
875 2571 1079 2646 propinquam

90 2657 250 2718 coloniam
273 2664 371 2729 esset,
394 2657 469 2732 quid
488 2656 613 2717 tandem
627 2655 761 2731 praetori
775 2654 949 2714 laciendum
963 2654 1081 2716 luisset

89 2757 165 2802 narn
188 2741 215 2802 si
237 2741 305 2801 sine
325 2742 453 2802 consule
477 2741 541 2816 geri
563 2739 637 2800 nihil
658 2739 841 2815 oportuerit,
868 2745 921 2800 ant
940 2747 1080 2801 senatum

87 2839 258 2900 peccasse,
271 2823 323 2900 qul
334 2825 502 2885 exercitum
513 2825 646 2901 praetori
660 2823 779 2886 dederit
789 2857 827 2869 -
840 2824 979 2899 potuisse
990 2824 1078 2898 enim,

88 2910 117 2969 si
134 2925 200 2971 non
221 2909 374 2984 praetoris
395 2909 453 2969 sed
473 2908 610 2970 consulis
631 2909 769 2971 exercitu
783 2924 847 2970 rem
862 2910 927 2985 geri
941 2909 1078 2982 voluerit,

89 2994 136 3054 ita
157 2993 247 3054 linire
268 3000 396 3054 senatus
417 2995 606 3067 consultum,
627 3009 667 3054 ne
688 3009 744 3069 per
764 3000 936 3070 praetorem
951 2994 1008 3054 sed
1022 3009 1080 3068 per
1219 3013 1220 3071 q

90 3078 256 3138 consulent
269 3084 493 3152 gereretur-‚
509 3084 563 3138 aut
576 3079 743 3151 consulem,
760 3078 812 3153 qui
822 3093 894 3152 non,
910 3094 979 3140 curn
991 3093 1078 3139 exer-

90 3161 187 3222 citum
210 3177 251 3222 ex
264 3159 386 3222 Etnuia
404 3160 537 3221 transire
555 3162 586 3220 in
602 3163 729 3222 Galliam
746 3161 904 3236 iussisset,
926 3161 996 3236 ipsc
1010 3161 1077 3218 Ari·

89 3245 166 3304 mini
189 3245 372 3320 occurrerit,
392 3252 427 3306 nt
445 3245 525 3306 bello
540 3246 704 3307 interesset
717 3245 801 3321 quod
816 3247 884 3308 sine
898 3261 936 3306 eo
950 3244 1015 3318 geri
1030 3244 1077 3303 las

89 3345 155 3389 non
177 3337 272 3391 esset.
298 3345 361 3390 non
382 3336 565 3404 exspectare
584 3329 655 3390 belli
674 3337 814 3406 tempora
833 3344 936 3392 moras
957 3333 988 3388 et
1002 3325 1076 3386 dila-

1218 3127 1219 3185 l

104 3411 113 3424 .
1214 3315 1217 3426 l

90 3419 194 3510 nones
220 3413 454 3512 imperatorum,
480 3421 511 3473 et
530 3413 728 3510 pugnandum
752 3429 824 3474 esse
844 3412 994 3510 interdum
1013 3426 1077 3472 noo
1213 3431 1216 3532 Ι

93 3511 167 3572 quia
184 3497 281 3570 velis,
303 3497 360 3557 sed
375 3513 447 3573 qula
465 3497 564 3558 hostis
586 3504 687 3572 cogat.
722 3512 857 3572 pugnam
871 3511 1077 3572 1psameven·
1208 3535 1215 3660 Ι
