2506 3898
235 219 350 278 maua
364 181 511 279 xxxvu.
535 219 730 282 caumas.
752 228 905 296 [acum]
993 225 1054 290 aar

73 376 167 444 portu
181 369 212 428 in
227 370 319 430 altum
335 377 460 429 evectus
474 369 632 444 excipiens
647 370 853 444 insequentis,
875 387 933 434 suo
949 390 1055 448 quam-

73 465 137 526 que
159 451 267 512 ordine
281 452 311 510 in
327 453 455 512 irontem
470 452 682 524 instruxisset,
703 453 859 514 Eudamus
874 455 1056 534 Rhodiaque

73 535 187 596 classis
199 535 409 596 substitissent
419 536 459 595 ad
470 541 588 605 terram,
604 541 638 596 ut
648 543 678 596 et
689 537 755 595 sine
765 537 969 612 trepidatione
981 555 1053 600 con·

72 618 272 692 scenderent,
288 624 319 677 et
330 625 365 678 ut
379 633 520 694 quaeque
536 625 643 694 parata
656 626 755 691 esset,
777 621 874 680 exiret
890 623 988 682 navis.
1013 625 1056 685 ita

71 709 105 762 et
129 701 313 776 explicuere.
335 701 473 762 ordinem
498 703 614 776 primae
644 703 674 761 in
700 711 869 778 conspectu
894 708 1053 782 praetoris,

71 793 104 845 et
128 791 268 844 coactum
294 799 402 859 agmen
426 785 465 844 ab
484 783 613 846 Rhodiis
628 790 696 856 ¹est;
729 786 940 862 instructaque
960 790 1053 864 acies,

70 870 160 928 velut
180 875 340 928 cernerent
358 868 477 943 regios,
498 869 530 928 in
551 869 642 928 altum
663 870 824 943 processit.
847 873 925 931 inter
944 872 1053 950 Myon·
1080 918 1084 926 .

72 967 185 1012 nesum
199 958 230 1011 et
240 951 392 1029 Corycum
407 951 651 1026 promunturium
661 959 755 1026 erant,
771 969 838 1012 cum
850 953 969 1016 hostem
981 972 1054 1016 con·

71 1049 216 1110 spexere.
239 1041 269 1094 et
281 1033 366 1110 regia
381 1033 506 1108 elassiS,
521 1033 602 1094 binis
617 1034 647 1094 in
663 1036 801 1095 ordinem
815 1037 946 1098 navibus
960 1039 1052 1114 longe

71 1119 195 1194 agmine
215 1118 359 1192 veniens,
381 1125 412 1178 et
428 1117 498 1192 ipsa
516 1118 612 1178 aciem
627 1118 790 1178 adversam
804 1121 951 1195 explicuit
964 1123 1052 1183 laevo

72 1209 191 1262 tantum
220 1209 327 1262 evecta
355 1217 466 1274 cornu,
494 1208 528 1261 ut
541 1202 682 1276 amplecti
707 1207 738 1260 et
761 1203 890 1262 circuire
914 1203 1054 1266 dextrum

73 1302 172 1346 cornu
186 1285 394 1346 Romanorum
408 1290 525 1360 posset.
549 1285 633 1359 quod
646 1284 698 1345 ubi
713 1283 879 1358 Eudamus,
896 1287 948 1361 qui
963 1302 1053 1362 coga-

72 1371 127 1430 hat
142 1384 259 1444 agmen,
273 1366 359 1442 vidit,
373 1384 434 1428 non
450 1383 546 1443 posse
557 1383 692 1442 aequare
707 1369 845 1428 ordinem
854 1369 1012 1432 Romanos
1024 1378 1055 1430 et

73 1459 191 1512 mutum
210 1469 273 1512 non
283 1452 348 1526 iam
363 1451 483 1512 circuiri
500 1453 538 1511 ab
553 1453 662 1512 dextro
677 1467 788 1525 cornu,
810 1453 942 1512 concitat
958 1469 1054 1514 naves
1079 1483 1082 1490 ·

77 1571 114 1580 -
129 1543 159 1596 et
174 1544 259 1596 erant
278 1551 374 1595 naves
387 1535 527 1596 Rhodiae
545 1536 636 1610 longe
651 1536 785 1596 omnium
800 1535 976 1596 celerrimae
990 1541 1055 1597 tota

76 1621 178 1680 classe
188 1648 244 1693 -,
261 1626 454 1694 aequatoque
475 1634 571 1679 cornu
584 1620 757 1694 praetoriae
770 1621 855 1693 navi,
876 1619 907 1678 in
924 1635 984 1694 qua
997 1619 1053 1679 Po·

75 1703 240 1781 lyxenidas
254 1711 327 1776 erat,
343 1719 430 1764 suam
445 1702 564 1764 obiecit.
598 1701 688 1762 XXX.
711 1702 771 1762 iam
785 1703 856 1764 lotis
871 1703 961 1762 simul
976 1705 1054 1764 clas-

76 1787 164 1847 sibus
185 1786 224 1846 ab
246 1785 329 1848 omni
350 1792 436 1862 parte
456 1800 560 1860 pugna
579 1792 722 1845 conserta
740 1793 815 1846 erat.
849 1787 887 1844 ab
907 1785 1054 1846 Romanis

76 1868 232 1944 octoginta
251 1886 347 1930 naves
368 1869 558 1944 pugnabant,
581 1884 620 1927 ex
641 1868 752 1942 quibus
767 1868 905 1928 Rhodiae
926 1869 1005 1928 duae
1026 1876 1057 1928 et

75 1953 181 2028 viginti
195 1961 294 2014 erant=
316 1953 450 2014 hostium
466 1950 575 2011 classis
592 1950 837 2024 undenonaginta
853 1951 975 2012 navium
990 1952 1054 2022 luit,

76 2046 106 2097 et
128 2034 277 2096 maximae
303 2038 419 2096 lormae
442 2050 538 2095 naves
563 2041 626 2094 tres
646 2033 778 2094 hexeres
803 2033 949 2105 hahebat,
978 2034 1055 2094 duas

75 2121 229 2196 hepteres.
255 2121 367 2180 robore
381 2119 504 2179 navium
517 2126 548 2180 et
560 2119 670 2178 virtute
682 2118 808 2178 militum
822 2117 951 2180 Romani
966 2119 1056 2192 longe

76 2203 179 2279 regios
194 2204 397 2278 praestabant
412 2202 552 2262 Rhodiae
565 2217 663 2262 naves
677 2202 810 2276 agilitate
825 2207 855 2260 et
869 2206 933 2261 arte
944 2201 1056 2275 guber-

76 2293 217 2347 natorum
241 2294 270 2348 et
290 2285 417 2348 scientia
439 2286 602 2360 remigum=
633 2287 892 2356 maximotumen
915 2283 1055 2346 hostibus

77 2370 184 2432 terrori
199 2369 285 2430 fuere
302 2385 380 2445 quae
394 2371 482 2444 ignes
498 2385 574 2444 prae
588 2385 623 2429 se
633 2369 811 2442 portabant3
826 2374 856 2426 et
868 2369 952 2441 quod
962 2385 1056 2428 unum

76 2456 114 2515 iis
130 2455 172 2514 ad
184 2453 388 2514 Panhormum
403 2451 616 2513 sucumventis
632 2451 722 2511 saluti
737 2451 850 2522 luerat,
871 2450 903 2508 id
916 2457 979 2509 tum
993 2466 1056 2508 ma-

76 2539 192 2598 ximum
211 2544 396 2598 momentum
409 2537 449 2596 ad
463 2535 621 2596 victoriam
635 2533 699 2593 luit.
729 2549 800 2592 nam
813 2539 896 2592 metu
909 2531 988 2605 ignis
1003 2533 1056 2590 ad·

77 2621 160 2683 versi
180 2621 285 2696 regiae
304 2635 416 2693 naves,
431 2635 470 2679 ne
492 2633 601 2695 prorae
623 2621 854 2688 concurrerent,
876 2629 946 2674 cum
964 2613 1056 2673 decli-

76 2713 229 2778 nassent,
245 2719 346 2780 neque
370 2705 459 2778 ipsae
479 2703 569 2762 ferire
589 2708 689 2761 rostro
709 2699 830 2761 hostem
852 2703 1007 2772 poterant,
1028 2703 1058 2754 et

78 2788 220 2864 obliquas
241 2802 275 2848 se
289 2789 378 2863 ipsae
391 2787 432 2846 ad
446 2787 524 2847 ictus
545 2785 745 2861 praebebant,
766 2781 836 2842 etsi
852 2795 914 2856 qua
929 2794 1056 2840 coneur-

76 2879 174 2948 rerat,
201 2871 386 2934 obruebatur
411 2870 514 2932 inluso
535 2869 612 2944 igni,
638 2865 798 2942 magisque
819 2865 859 2925 ad
883 2863 1057 2924 incendium

78 2973 171 3032 quam
192 2957 232 3016 ad
252 2957 402 3030 proelium
422 2953 623 3028 trepidabant.
659 2951 821 3026 plurimum
841 2957 957 3021 tamen,
979 2962 1058 3023 quae

77 3041 166 3114 solet,
178 3040 305 3100 militum
314 3039 410 3100 virtus
422 3037 545 3097 inbelle
557 3036 659 3096 valuit.
674 3035 806 3094 mediam
816 3047 950 3107 namque
961 3031 1058 3090 aciem

76 3123 211 3184 hostium
225 3123 354 3185 Romani
369 3138 438 3182 cum
451 3121 621 3196 rupissent,
637 3117 830 3178 circumvecti
847 3116 885 3175 ab
901 3124 987 3188 tergo
1002 3130 1059 3187 pu·

75 3207 241 3283 guantibus
254 3208 404 3267 adversus
411 3205 549 3266 Rhodios
560 3201 653 3278 regiis
666 3203 739 3262 ses'e
750 3201 907 3267 obiecere,
923 3211 1058 3256 momen·

75 3298 173 3366 toque
195 3291 342 3366 temporis
363 3297 393 3350 et
414 3289 515 3348 media
536 3287 618 3348 acies
637 3283 781 3346 Antiochi
802 3291 832 3344 et
851 3283 940 3341 laevo
963 3295 1060 3340 cornu
1160 3303 1162 3306 ·
1243 3265 1244 3274 ’

77 3375 304 3436 circumventae
332 3388 428 3434 naves
452 3369 672 3446 mergebantur.
710 3370 816 3428 dextra
843 3379 916 3440 pars
942 3363 1060 3436 integra

77 3458 235 3522 sociorum
247 3457 345 3534 magis
358 3457 445 3517 clade
457 3471 547 3532 quarn
559 3470 616 3514 suo
629 3453 765 3530 periculo
776 3449 955 3513 terrebatur.
979 3453 1058 3506 cete-
