2482 3900
302 199 418 260 LIBER
432 199 536 261 XXXI.
560 199 933 274 chamaepeuce]
1060 203 1099 266 al

121 369 213 431 quam
236 359 357 412 ceterae
379 358 440 423 θεῖς
463 358 494 414 et
507 351 585 412 intra
600 367 667 411 eam
682 357 831 428 extraque
845 351 924 413 latae
937 351 1007 414 viae
1022 363 1101 430 sunt,

119 445 152 498 ut
166 443 196 498 et
216 435 364 512 oppidani
386 435 517 510 dirigere
538 435 635 496 aciem
650 451 669 495 a
684 436 751 496 loro
772 435 814 496 ad
828 442 948 512 portum
963 446 1101 513 possent,

118 528 251 582 etextra
271 519 358 580 limes
379 519 461 580 mille
481 521 576 581 terme
590 535 705 594 passus
720 520 848 595 longus,
869 519 900 580 in
914 521 1102 584 Academiae

117 603 316 685 gymnasium
331 605 444 677 terens,
460 604 554 678 pediti
569 604 726 680 equitique
741 603 875 665 hostium
889 604 1018 666 liberum
1029 623 1101 682 spa-

116 689 191 750 tium
214 687 385 764 praeberet.
422 703 459 748 eo
481 687 573 748 limite
587 687 793 749 Athenienses
816 703 885 748 curu
899 688 992 750 Attali
1012 705 1100 766 prae-

117 773 196 834 sidio
213 779 244 832 et
258 771 383 833 cohorte
394 771 539 848 Dioxippi
555 769 621 832 acia
633 773 711 832 intra
723 781 843 848 portem
854 773 1002 834 instructa
1013 775 1101 850 signa

117 857 302 918 extulerunt.
329 856 415 931 quod
428 856 482 916 ubi
494 855 653 934 Philippus
666 856 757 932 vidit,
778 857 893 917 habere
906 872 942 918 se
956 856 1055 920 hostis
1070 859 1101 920 in

117 947 271 1016 potestate
296 947 381 1001 ratus
404 948 434 1001 et
454 940 508 1001 diu
533 947 637 1016 optata
657 941 753 1001 caede
771 975 806 986 -
823 955 926 1016 neque
946 942 1027 1002 enim
1047 943 1100 1004 ulli

117 1027 304 1086 Graecarum
319 1024 484 1085 civitatium
494 1025 632 1086 infestior
644 1031 762 1085 erat-
773 1025 972 1100 expleturum,
990 1026 1100 1088 cohor·

117 1118 197 1172 tatus
219 1105 346 1184 milites,
368 1115 401 1169 ut
422 1125 457 1169 se
477 1110 629 1169 intuentes
652 1115 838 1184 pugnarent,
864 1110 1039 1185 scirentque
1061 1111 1100 1172 ibi

118 1196 214 1270 signa,
223 1194 266 1254 ibi
278 1193 376 1254 aciem
388 1209 459 1253 esse
471 1194 593 1265 debere,
601 1191 654 1252 ubi
664 1207 721 1252 rex
732 1198 825 1266 esset,
834 1192 966 1252 concitat
976 1208 1099 1268 equum,

119 1295 178 1340 nou
194 1279 240 1338 ira
255 1283 370 1338 tantum
385 1277 442 1338 sed
454 1278 544 1340 etiarn
556 1277 654 1352 gloria
666 1278 773 1351 elatus,
791 1277 875 1353 quod
886 1275 1000 1351 ingenti
1011 1278 1100 1338 turba

115 1363 278 1438 completis
304 1361 455 1423 etiamad
476 1363 685 1438 spectaculum
705 1361 801 1422 muris
824 1361 964 1436 conspici
986 1375 1021 1420 se
1042 1377 1098 1436 pu·

112 1453 259 1522 guantem
280 1447 435 1521 egregium
450 1445 590 1506 ducebat.
612 1473 614 1478 ·
627 1446 814 1522 aliquantum
829 1452 899 1506 ante
914 1442 1012 1505 aciem
1029 1461 1099 1507 cum

112 1531 271 1608 equitibus
294 1531 401 1606 paucis
423 1538 548 1592 evectus
569 1529 600 1590 in
614 1531 733 1592 medios
748 1530 846 1592 hostis
862 1531 1015 1605 ingentem
1029 1545 1099 1590 cum

112 1615 178 1676 suis
206 1615 348 1676 ardorem
373 1621 438 1674 tutu
463 1630 609 1690 pavorem
634 1614 775 1676 hostibus
800 1615 911 1674 iniecit.
949 1615 1098 1689 plurimos

112 1717 207 1760 manu
221 1714 280 1758 sua
292 1699 461 1759 comminus
473 1699 655 1775 eminusque
665 1700 843 1761 vulneratos
856 1700 1099 1774 compulsosque

112 1783 141 1842 in
155 1789 281 1860 portam
303 1789 488 1844 consecutus
503 1784 629 1858 etipse,
650 1799 720 1844 curu
741 1782 887 1844 maiorem
902 1783 932 1842 iu
948 1783 1097 1858 angustiis

110 1866 330 1944 trepidantium
342 1865 491 1928 edidisset
503 1868 638 1941 caedem,
650 1867 680 1926 in
693 1867 854 1929 temerario
867 1867 989 1941 inceptu
1002 1874 1097 1928 tutum

110 1959 214 2012 tamen
229 1957 389 2026 receptum
402 1950 516 2026 habuit,
535 1949 608 2026 quia
623 1953 675 2027 qui
689 1951 719 2011 in
735 1951 868 2012 turribus
884 1957 991 2026 portae
1002 1956 1096 2025 eraut,

108 2035 309 2097 sustinebant
319 2036 436 2110 telana
447 2034 477 2095 in
492 2033 811 2111 permixtoshostibus
823 2050 899 2096 suos
912 2035 1096 2095 conicerent

108 2121 193 2180 intra
206 2134 312 2180 muros
333 2118 447 2179 deinde
460 2120 634 2180 tenentibus
649 2120 758 2181 milites
772 2118 1012 2180 Atheniensibus
1026 2117 1095 2177 Phi-

107 2203 216 2280 lippus
239 2203 328 2278 signo
342 2204 479 2279 receptui
497 2204 569 2266 dato
592 2211 692 2266 castra
708 2205 747 2265 ad
761 2205 957 2282 Cynosarges
968 2233 1010 2244 -
1021 2207 1096 2264 tem-

107 2290 195 2363 plum
202 2287 344 2348 Herculis
356 2288 613 2366 gymnasiumque
621 2296 651 2349 et
659 2290 747 2350 lucus
760 2295 825 2348 erat
836 2288 1097 2349 circumiectus-

107 2372 225 2448 posuit.
260 2371 317 2431 sed
332 2378 363 2432 et
376 2371 572 2450 Cynosarges
588 2379 619 2433 et
631 2373 768 2450 Lycium,
786 2380 816 2433 et
833 2371 983 2448 quidquid
998 2370 1096 2431 sancti

106 2455 274 2518 amoenive
288 2455 369 2515 circa
382 2457 489 2518 urbem
503 2463 583 2530 erat,
598 2456 757 2517 incensum
772 2463 834 2528 est,
857 2455 1019 2529 dirutaque
1034 2471 1095 2514 non

106 2547 189 2602 tecta
201 2541 303 2601 solum
316 2539 373 2599 sed
384 2541 474 2600 etiam
486 2543 637 2618 sepulcra,
646 2557 704 2600 nec
716 2539 810 2600 divini
821 2537 1008 2612 humanique
1021 2536 1095 2596 iuris

23 2637 25 2656 ¹
107 2625 279 2700 quicquam
293 2639 369 2699 prae
383 2624 541 2700 impotenti
556 2626 601 2684 ira
615 2630 663 2684 est
677 2630 843 2684 servatum.

192 2707 288 2770 XXV.
310 2707 438 2770 Postero
451 2709 501 2769 die
513 2725 581 2770 cum
592 2709 690 2784 primo
700 2709 824 2769 clausae
837 2707 966 2768 luissent
976 2712 1093 2782 portae,

106 2791 222 2853 deinde
240 2792 342 2854 subito
358 2799 499 2868 apertae,
523 2793 595 2870 quia
610 2793 798 2870 praesidium
814 2793 905 2854 Attali
922 2792 960 2852 ab
974 2791 1095 2866 Aegina

105 2874 304 2954 Romanique
319 2877 357 2937 ab
373 2873 498 2938 Piraeeo
514 2879 700 2940 intraverant
713 2879 830 2950 urbem,
848 2883 950 2938 castra
964 2877 1002 2937 ab
1017 2876 1094 2936 urbe

106 2961 223 3022 rettulit
235 2977 292 3022 rex
306 2961 364 3022 tria
378 2963 474 3022 terme
488 2964 569 3024 milia
583 2979 743 3040 passuum.
776 2963 848 3022 inde
861 2962 1008 3022 Eleusina
1022 2977 1093 3036 pro·

107 3043 208 3106 lectus
225 3061 283 3121 spe
298 3047 468 3122 improviso
485 3049 589 3123 templi
605 3048 793 3123 castelliquc,
813 3047 898 3122 quod
916 3053 946 3105 et
959 3045 1094 3104 imminet

107 3131 138 3185 et
152 3127 374 3190 circumdatum
390 3137 438 3192 est
451 3134 580 3208 templo,
596 3133 753 3208 capiendi,
770 3147 839 3191 curn
852 3129 1093 3204 haudquaquam

107 3213 266 3286 neglectas
283 3215 441 3276 custodias
452 3215 725 3278 'animadvertisset
741 3223 771 3276 et
785 3217 918 3276 classem
933 3229 951 3270 a
965 3211 1091 3270 Piraeeo

107 3295 249 3358 subsidio
269 3299 390 3374 venire,
414 3301 529 3362 omisso
546 3301 669 3376 incepto
683 3301 810 3375 Megara
825 3313 862 3359 ac
878 3295 1017 3372 protinus
1035 3292 1091 3352 Co-

106 3377 240 3442 rinthum
262 3382 354 3442 ducit.
389 3389 419 3443 et
436 3399 504 3444 cum
525 3385 617 3460 Argis
631 3385 826 3444 Achaeorum
844 3378 1004 3442 concilium
1020 3389 1093 3438 esse

107 3461 262 3542 audisset,
284 3466 513 3543 inopinantibus
528 3469 661 3530 Achaeis
680 3464 889 3540 contioni'ipsi
904 3460 1091 3540 supervenit.
