2482 3900
274 191 391 251 LIBER
405 190 510 252 xxxi.
534 191 616 252 CAP.
631 201 730 254 onon
754 195 834 271 [ec.
851 201 914 266 noc]
1041 191 1081 258 37

97 343 297 416 Aetolorum,
318 355 377 402 nec
398 349 514 416 castra,
535 358 596 417 quo
619 343 683 402 lors
698 341 819 402 tulisset
832 345 917 417 loeo,
940 341 1007 403 sine
1021 344 1083 404 ullo

97 425 279 486 discrimine
292 429 346 485 eut
359 439 434 486 cure
447 425 602 485 muniendi
616 426 728 502 posita.
758 426 861 502 itaque
876 441 915 486 ne
928 428 1083 488 temeritas

96 525 209 572 eorum
229 508 485 584 neglegentiaque
505 507 563 569 sibi
586 524 622 568 ac
642 510 709 570 auis
727 511 819 569 etiam
841 511 937 572 cladis
954 509 1083 571 alicuius

96 609 197 654 causa
207 599 301 668 esset,
313 607 382 654 oum
392 592 617 667 campestribus
628 594 705 654 locis
717 594 902 654 subicientes
915 610 971 654 cos
983 599 1085 654 cnatm

94 677 241 738 Phaecae
254 676 324 737 urbi
338 674 465 749 videret
480 675 550 751 ipse
566 677 658 751 punto
673 678 742 752 plus
758 678 839 737 mille
854 693 1002 752 passuum
1011 677 1084 738 inde

94 762 248 822 tumulum
262 761 339 833 suis,
356 760 496 835 quamvis
507 761 567 820 levi
582 761 768 821 munimento
782 767 886 834 tutum,
902 762 993 837 cepit
1014 777 1084 822 cum

94 845 211 920 Aetoli,
226 843 287 906 nisi
301 844 387 918 quod
402 843 636 919 potentabantur,
652 845 703 903 vix
718 845 894 905 meminisse
908 845 1084 907 viderentur

96 944 132 990 se
148 929 181 988 in
196 927 333 990 hostium
346 942 421 1001 agro
438 941 517 1001 esse,
533 927 584 988 alii
600 929 692 1002 peleti
707 943 874 989 semermes
889 937 1082 1005 vagarentur„

96 1013 148 1072 alii
163 1013 197 1072 in
212 1011 322 1072 cestria
337 1010 405 1072 sine
419 1010 602 1072 stationibus
617 1027 673 1086 per
684 1027 824 1072 somnum
837 1013 1004 1088 vinumque
1016 1014 1083 1073 dies

95 1096 244 1158 noctibus
252 1092 594 1170 aequarenttl’hillppus
601 1093 830 1170 inopinantibus
841 1095 974 1156 advenit.
991 1111 1081 1171 quem

97 1195 168 1243 etun
189 1179 304 1242 adesse
322 1177 511 1252 refugientes
531 1193 574 1238 cx
587 1178 668 1252 egris
684 1177 809 1255 qnidam
829 1178 933 1254 pavidi
948 1179 1083 1240 nuntios-

99 1261 562 1338 seut,-t1·epidare1tamocrltus
578 1262 734 1338 ceterique
749 1262 862 1322 ducem
884 1268 916 1320 et
925 1269 993 1322 erat
1007 1264 1084 1322 torte

97 1346 301 1410 meridianum
315 1352 525 1421 tempusque
541 1345 682 1421 plerique
696 1361 807 1425 graves
819 1345 888 1406 cibo
898 1345 992 1420 sopiti
1005 1347 1070 1404 loce

95 1431 181 1491 bant.
216 1431 352 1492 excitare
366 1429 520 1504 igitur-alii
531 1429 627 1504 allos,
650 1430 757 1490 iubere
771 1446 856 1490 arma
869 1445 990 1504 capere,
1007 1430 1083 1490 alies

95 1515 251 1576 dimittere
275 1514 317 1574 ed
336 1513 531 1575 revocandos
557 1512 610 1590 qui
636 1514 728 1588 palati
755 1529 810 1588 par
833 1529 927 1589 agros
953 1514 1083 1588 praeda-

93 1597 219 1658 bantur.
246 1602 393 1672 tantaque
413 1596 575 1672 trepidatio
596 1598 666 1672 luit,
686 1604 720 1657 ut
739 1599 807 1658 aine
826 1597 937 1673 gladiis
960 1598 1084 1674 quidem

94 1681 239 1758 eqnitum
248 1680 376 1754 exirem,
386 1680 500 1742 loricas
512 1681 652 1756 plerique
663 1697 726 1742 non
737 1681 905 1744 induerent.
920 1682 961 1742 ite
972 1683 1084 1756 raptim

95 1763 210 1838 educti,
231 1779 303 1830 eum
319 1770 536 1828 sexcentorum
551 1779 644 1839 aegre
658 1765 748 1826 simul
764 1767 885 1840 equites
900 1767 1084 1842 peditesque

94 1849 455 1924 numerumexpleasem,
463 1847 600 1910 incidunt
610 1849 640 1908 in
651 1849 942 1925 regiumcquitatum
954 1865 1082 1910 numero

95 1933 194 1994 curnis
206 1931 385 2008 animisque
400 1937 615 2008 praestantem.
651 1933 754 2008 itaque
768 1934 866 2008 primo
881 1933 996 2007 impetu
1011 1933 1082 2004 iusi,

94 2017 313 2092 naaaoptam
334 2017 498 2078 certamine
517 2017 598 2092 turpi
612 2017 687 2092 luga
698 2023 842 2092 repetunt
855 2024 965 2077 castra.
1000 2017 1084 2076 caesi

94 2100 247 2176 captique
260 2115 342 2176 ¹quos
356 2099 476 2176 equites
490 2100 530 2162 ab
545 2101 665 2175 agmine
679 2101 858 2176 fngientium
872 2101 1081 2161 interclusere.

92 2184 187 2250 XLII.
202 2182 362 2260 Philippus
375 2183 435 2246 iam
446 2184 512 2245 suis
522 2185 603 2244 vallo
615 2184 934 2261 appropinquantibus
945 2183 1083 2258 receptui

94 2269 168 2328 ocni
183 2267 289 2328 iussit:
304 2268 446 2342 fatigatos
458 2268 538 2330 enirn
549 2283 649 2344 equos
661 2271 809 2343 virosque
820 2285 881 2330 non
892 2275 954 2329 tam
966 2268 1083 2343 proelio

94 2367 193 2427 quam
214 2351 330 2415 itineris
344 2351 441 2412 -simul
460 2352 650 2427 longitudine
670 2353 760 2413 simul
778 2368 989 2427 praepropera
1004 2351 1083 2410 cele-

93 2437 188 2496 ritate
198 2434 339 2496 habebat
354 2435 457 2511 itaque
468 2436 619 2496 turmatim
631 2437 761 2510 equites
774 2437 805 2495 in
816 2435 978 2510 vicemque
989 2435 1083 2494 mani·

94 2521 193 2594 pulos
222 2519 300 2581 levis
324 2525 496 2583 uncturae
522 2525 665 2594 aquatum
690 2517 735 2578 ire
760 2525 791 2578 at
810 2519 963 2592 prandere
985 2517 1082 2584 iubet;

95 2603 178 2665 alios
193 2602 370 2664 invatationc
391 2609 524 2664 armatos
545 2601 669 2675 retinet,
691 2601 858 2676 opperiens
873 2616 982 2674 agmen
997 2599 1082 2674 pedi-

95 2695 161 2750 tum
178 2687 301 2752 ,tardius
322 2687 446 2748 ductum
464 2692 589 2762 propter
608 2685 787 2760 gravitatem
808 2700 969 2744 armemuu.
1000 2684 1083 2758 quod

94 2770 149 2832 ubi
163 2770 297 2844 advenit
313 2777 344 2830 ct
354 2769 432 2845 ipsis
442 2771 632 2845 imperatum,
647 2777 681 2831 ut
690 2769 809 2830 statutis
821 2769 918 2844 signis
929 2767 1084 2845 mmisque

94 2861 171 2916 ante
187 2854 344 2929 sepositis
359 2853 469 2930 raptim
482 2855 582 2916 cibum
594 2861 748 2928 caperent,
763 2853 843 2914 binis
854 2854 989 2914 ternisve
1002 2868 1083 2914 sum-

95 2953 183 2997 mum
197 2952 237 2998 ex
256 2938 419 3014 manipulis
436 2938 574 3013 aquandi
595 2953 690 3000 causa
709 2938 829 3000 missis:
851 2938 971 3000 interim
986 2952 1083 3012 eques

98 3036 170 3084 cunr
190 3020 253 3080 levi
268 3029 425 3088 ,armatura
442 3029 571 3098 parcius
592 3022 822 3098 instructusque
842 3023 939 3096 stetit,
961 3023 988 3081 si
1010 3021 1084 3096 quid

95 3103 199 3168 hostis
225 3112 372 3166 moveret.
408 3105 510 3170 Aetoli
524 3140 561 3152 -
574 3105 634 3166 iam
661 3106 792 3168 enimet
813 3122 893 3182 quae
913 3121 970 3181 per
991 3118 1083 3178 agros

97 3201 212 3264 sparsa
223 3187 386 3258 multitudo
401 3190 507 3264 luerat
528 3196 709 3264 receperent
724 3205 759 3252 ae
773 3190 803 3248 in
820 3196 973 3252 cestra-
983 3195 1017 3246 ul
1031 3185 1083 3246 de·

98 3271 217 3332 temeri
228 3273 422 3346 munimenta,
434 3273 516 3344 circe
527 3279 633 3348 portas
644 3273 821 3349 vallumque
832 3278 966 3332 armatos
978 3270 1082 3344 dispo·

98 3361 185 3430 nunt,
201 3356 274 3418 dum
288 3357 411 3432 quietos
424 3356 533 3422 hostes
548 3357 609 3433 ipsi
623 3357 744 3418 lerocea
758 3373 799 3419 ex
812 3362 877 3416 tuto
893 3353 1082 3429 spectabant.

99 3445 266 3516 postquam
287 3448 370 3502 meta
386 3441 475 3516 signa
487 3440 692 3504 Macedonum
708 3448 793 3513 sunt,
815 3445 846 3499 et
859 3438 1028 3499 succedere
1043 3435 1082 3494 ad
