<?xml version="1.0" encoding="UTF-8"?>
<!DOCTYPE html PUBLIC "-//W3C//DTD XHTML 1.0 Transitional//EN"
    "http://www.w3.org/TR/xhtml1/DTD/xhtml1-transitional.dtd">
<html xmlns="http://www.w3.org/1999/xhtml" xml:lang="en" lang="en">
 <head>
  <title>
</title>
<meta http-equiv="Content-Type" content="text/html;charset=utf-8" />
  <meta name='ocr-system' content='tesseract 3.04.00' />
  <meta name='ocr-capabilities' content='ocr_page ocr_carea ocr_par ocr_line ocrx_word'/>
</head>
<body>
  <div class='ocr_page' id='page_1' title='image "./titiliviaburbec08livygoog_0325.png"; bbox 0 0 2506 3898; ppageno 0'>
   <div class='ocr_carea' id='block_1_1' title="bbox 168 199 992 274">
    <p class='ocr_par' dir='ltr' id='par_1_1' title="bbox 168 199 992 274">
     <span class='ocr_line' id='line_1_1' title="bbox 168 199 992 274; baseline -0.006 -4"><span class='ocrx_word' id='word_1_1' title='bbox 168 205 230 270; x_wconf 77' lang='lat' dir='ltr'><strong>aaa</strong></span> <span class='ocrx_word' id='word_1_2' title='bbox 325 205 440 266; x_wconf 74' lang='lat' dir='ltr'><strong>nunna</strong></span> <span class='ocrx_word' id='word_1_3' title='bbox 454 201 603 262; x_wconf 86' lang='lat' dir='ltr'><strong>xxxvu.</strong></span> <span class='ocrx_word' id='word_1_4' title='bbox 625 199 706 261; x_wconf 71' lang='lat' dir='ltr'><strong>cnr.</strong></span> <span class='ocrx_word' id='word_1_5' title='bbox 721 209 764 262; x_wconf 84' lang='lat' dir='ltr'><strong>n.</strong></span> <span class='ocrx_word' id='word_1_6' title='bbox 786 209 821 274; x_wconf 71' lang='lat' dir='ltr'><strong>p.</strong></span> <span class='ocrx_word' id='word_1_7' title='bbox 832 209 869 262; x_wconf 86' lang='lat' dir='ltr'><strong>n.</strong></span> <span class='ocrx_word' id='word_1_8' title='bbox 884 223 909 265; x_wconf 66' lang='lat' dir='ltr'><strong>a</strong></span> <span class='ocrx_word' id='word_1_9' title='bbox 923 207 992 274; x_wconf 74' lang='lat' dir='ltr'><strong>aaa]</strong></span> 
     </span>
    </p>
   </div>
   <div class='ocr_carea' id='block_1_2' title="bbox 168 347 1162 3525">
    <p class='ocr_par' dir='ltr' id='par_1_2' title="bbox 168 347 1162 3525">
     <span class='ocr_line' id='line_1_2' title="bbox 168 347 1151 430; baseline -0.012 -11"><span class='ocrx_word' id='word_1_10' title='bbox 168 359 208 420; x_wconf 90' lang='lat' dir='ltr'><strong>tis</strong></span> <span class='ocrx_word' id='word_1_11' title='bbox 223 353 437 430; x_wconf 80' lang='lat' dir='ltr'><strong>distinguebat.</strong></span> <span class='ocrx_word' id='word_1_12' title='bbox 468 369 487 413; x_wconf 85' lang='lat' dir='ltr'><strong>a</strong></span> <span class='ocrx_word' id='word_1_13' title='bbox 501 353 601 412; x_wconf 85' lang='lat' dir='ltr'><strong>boute</strong></span> <span class='ocrx_word' id='word_1_14' title='bbox 613 347 765 412; x_wconf 79' lang='lat' dir='ltr'><strong>introrsus</strong></span> <span class='ocrx_word' id='word_1_15' title='bbox 778 351 809 410; x_wconf 93' lang='lat' dir='ltr'><strong>in</strong></span> <span class='ocrx_word' id='word_1_16' title='bbox 825 351 905 412; x_wconf 87' lang='lat' dir='ltr'><strong>duos</strong></span> <span class='ocrx_word' id='word_1_17' title='bbox 919 359 949 412; x_wconf 91' lang='lat' dir='ltr'><strong>et</strong></span> <span class='ocrx_word' id='word_1_18' title='bbox 961 349 1094 424; x_wconf 86' lang='lat' dir='ltr'><strong>triginta</strong></span> <span class='ocrx_word' id='word_1_19' title='bbox 1108 367 1151 410; x_wconf 89' lang='lat' dir='ltr'><strong>or-</strong></span> 
     </span>
     <span class='ocr_line' id='line_1_3' title="bbox 169 433 1153 510; baseline -0.011 -8"><span class='ocrx_word' id='word_1_20' title='bbox 169 435 258 503; x_wconf 85' lang='lat' dir='ltr'><strong>dines</strong></span> <span class='ocrx_word' id='word_1_21' title='bbox 280 445 463 500; x_wconf 86' lang='lat' dir='ltr'><strong>armatorum</strong></span> <span class='ocrx_word' id='word_1_22' title='bbox 482 435 566 496; x_wconf 87' lang='lat' dir='ltr'><strong>acies</strong></span> <span class='ocrx_word' id='word_1_23' title='bbox 587 434 719 510; x_wconf 87' lang='lat' dir='ltr'><strong>patebat.</strong></span> <span class='ocrx_word' id='word_1_24' title='bbox 750 433 810 494; x_wconf 83' lang='lat' dir='ltr'><strong>hoe</strong></span> <span class='ocrx_word' id='word_1_25' title='bbox 830 433 1001 494; x_wconf 86' lang='lat' dir='ltr'><strong>etroboris</strong></span> <span class='ocrx_word' id='word_1_26' title='bbox 1016 435 1049 493; x_wconf 89' lang='lat' dir='ltr'><strong>iu</strong></span> <span class='ocrx_word' id='word_1_27' title='bbox 1065 433 1153 507; x_wconf 84' lang='lat' dir='ltr'><strong>regiis</strong></span> 
     </span>
     <span class='ocr_line' id='line_1_4' title="bbox 170 515 1153 600; baseline -0.008 -15"><span class='ocrx_word' id='word_1_28' title='bbox 170 525 269 600; x_wconf 86' lang='lat' dir='ltr'><strong>copiis</strong></span> <span class='ocrx_word' id='word_1_29' title='bbox 289 530 369 594; x_wconf 90' lang='lat' dir='ltr'><strong>erat,</strong></span> <span class='ocrx_word' id='word_1_30' title='bbox 390 527 421 581; x_wconf 91' lang='lat' dir='ltr'><strong>et</strong></span> <span class='ocrx_word' id='word_1_31' title='bbox 439 519 567 596; x_wconf 83' lang='lat' dir='ltr'><strong>perinde</strong></span> <span class='ocrx_word' id='word_1_32' title='bbox 588 533 658 578; x_wconf 89' lang='lat' dir='ltr'><strong>cum</strong></span> <span class='ocrx_word' id='word_1_33' title='bbox 671 517 731 578; x_wconf 87' lang='lat' dir='ltr'><strong>alia</strong></span> <span class='ocrx_word' id='word_1_34' title='bbox 745 519 852 593; x_wconf 85' lang='lat' dir='ltr'><strong>specie</strong></span> <span class='ocrx_word' id='word_1_35' title='bbox 864 526 929 578; x_wconf 87' lang='lat' dir='ltr'><strong>tum</strong></span> <span class='ocrx_word' id='word_1_36' title='bbox 942 515 1153 577; x_wconf 85' lang='lat' dir='ltr'><strong>eminentibus</strong></span> 
     </span>
     <span class='ocr_line' id='line_1_5' title="bbox 169 601 1154 677; baseline -0.011 -7"><span class='ocrx_word' id='word_1_37' title='bbox 169 617 284 670; x_wconf 88' lang='lat' dir='ltr'><strong>tantum</strong></span> <span class='ocrx_word' id='word_1_38' title='bbox 306 605 385 666; x_wconf 89' lang='lat' dir='ltr'><strong>inter</strong></span> <span class='ocrx_word' id='word_1_39' title='bbox 405 611 539 666; x_wconf 65' lang='lat' dir='ltr'><strong>amatos</strong></span> <span class='ocrx_word' id='word_1_40' title='bbox 555 601 726 677; x_wconf 80' lang='lat' dir='ltr'><strong>elephantis</strong></span> <span class='ocrx_word' id='word_1_41' title='bbox 740 613 883 674; x_wconf 88' lang='lat' dir='ltr'><strong>magnum</strong></span> <span class='ocrx_word' id='word_1_42' title='bbox 898 609 1057 662; x_wconf 68' lang='lat' dir='ltr'><strong>emerem</strong></span> <span class='ocrx_word' id='word_1_43' title='bbox 1071 614 1154 675; x_wconf 80' lang='lat' dir='ltr'><strong>prae—</strong></span> 
     </span>
     <span class='ocr_line' id='line_1_6' title="bbox 171 681 1157 765; baseline -0.01 -11"><span class='ocrx_word' id='word_1_44' title='bbox 171 693 271 754; x_wconf 85' lang='lat' dir='ltr'><strong>bebat</strong></span> <span class='ocrx_word' id='word_1_45' title='bbox 293 691 432 765; x_wconf 83' lang='lat' dir='ltr'><strong>ingentes</strong></span> <span class='ocrx_word' id='word_1_46' title='bbox 447 687 508 762; x_wconf 93' lang='lat' dir='ltr'><strong>ipsi</strong></span> <span class='ocrx_word' id='word_1_47' title='bbox 523 693 623 746; x_wconf 71' lang='lat' dir='ltr'><strong>erantz</strong></span> <span class='ocrx_word' id='word_1_48' title='bbox 645 681 799 746; x_wconf 74' lang='lat' dir='ltr'><strong>addebant</strong></span> <span class='ocrx_word' id='word_1_49' title='bbox 813 685 950 759; x_wconf 86' lang='lat' dir='ltr'><strong>speeiem</strong></span> <span class='ocrx_word' id='word_1_50' title='bbox 965 681 1119 745; x_wconf 75' lang='lat' dir='ltr'><strong>frontalia</strong></span> <span class='ocrx_word' id='word_1_51' title='bbox 1130 691 1157 744; x_wconf 88' lang='lat' dir='ltr'><strong>at</strong></span> 
     </span>
     <span class='ocr_line' id='line_1_7' title="bbox 169 769 1157 847; baseline -0.01 -10"><span class='ocrx_word' id='word_1_52' title='bbox 169 777 281 837; x_wconf 90' lang='lat' dir='ltr'><strong>cristae</strong></span> <span class='ocrx_word' id='word_1_53' title='bbox 295 782 326 834; x_wconf 92' lang='lat' dir='ltr'><strong>et</strong></span> <span class='ocrx_word' id='word_1_54' title='bbox 338 780 424 847; x_wconf 90' lang='lat' dir='ltr'><strong>tergo</strong></span> <span class='ocrx_word' id='word_1_55' title='bbox 439 770 602 847; x_wconf 81' lang='lat' dir='ltr'><strong>impositae</strong></span> <span class='ocrx_word' id='word_1_56' title='bbox 615 777 715 830; x_wconf 89' lang='lat' dir='ltr'><strong>turres</strong></span> <span class='ocrx_word' id='word_1_57' title='bbox 726 769 924 844; x_wconf 83' lang='lat' dir='ltr'><strong>turribusque</strong></span> <span class='ocrx_word' id='word_1_58' title='bbox 933 775 1157 844; x_wconf 77' lang='lat' dir='ltr'><strong>superstantes</strong></span> 
     </span>
     <span class='ocr_line' id='line_1_8' title="bbox 170 851 1157 936; baseline -0.011 -16"><span class='ocrx_word' id='word_1_59' title='bbox 170 867 293 936; x_wconf 89' lang='lat' dir='ltr'><strong>praeter</strong></span> <span class='ocrx_word' id='word_1_60' title='bbox 306 863 458 918; x_wconf 88' lang='lat' dir='ltr'><strong>rectorem</strong></span> <span class='ocrx_word' id='word_1_61' title='bbox 473 853 612 930; x_wconf 77' lang='lat' dir='ltr'><strong>quaterni</strong></span> <span class='ocrx_word' id='word_1_62' title='bbox 627 851 742 913; x_wconf 76' lang='lat' dir='ltr'><strong>murati.</strong></span> <span class='ocrx_word' id='word_1_63' title='bbox 769 853 809 911; x_wconf 88' lang='lat' dir='ltr'><strong>ed</strong></span> <span class='ocrx_word' id='word_1_64' title='bbox 824 853 903 912; x_wconf 90' lang='lat' dir='ltr'><strong>latus</strong></span> <span class='ocrx_word' id='word_1_65' title='bbox 918 853 1071 913; x_wconf 84' lang='lat' dir='ltr'><strong>dextrum</strong></span> <span class='ocrx_word' id='word_1_66' title='bbox 1088 851 1157 925; x_wconf 88' lang='lat' dir='ltr'><strong>pha·</strong></span> 
     </span>
     <span class='ocr_line' id='line_1_9' title="bbox 170 933 1159 1017; baseline -0.008 -15"><span class='ocrx_word' id='word_1_67' title='bbox 170 942 350 1017; x_wconf 88' lang='lat' dir='ltr'><strong>iangitarum</strong></span> <span class='ocrx_word' id='word_1_68' title='bbox 375 937 457 1000; x_wconf 90' lang='lat' dir='ltr'><strong>mille</strong></span> <span class='ocrx_word' id='word_1_69' title='bbox 482 946 513 998; x_wconf 91' lang='lat' dir='ltr'><strong>et</strong></span> <span class='ocrx_word' id='word_1_70' title='bbox 537 937 719 1012; x_wconf 83' lang='lat' dir='ltr'><strong>quingentos</strong></span> <span class='ocrx_word' id='word_1_71' title='bbox 737 936 1010 1010; x_wconf 72' lang='lat' dir='ltr'><strong>Gallograecorum</strong></span> <span class='ocrx_word' id='word_1_72' title='bbox 1035 933 1159 1010; x_wconf 79' lang='lat' dir='ltr'><strong>equites</strong></span> 
     </span>
     <span class='ocr_line' id='line_1_10' title="bbox 171 1017 1162 1102; baseline -0.013 -12"><span class='ocrx_word' id='word_1_73' title='bbox 171 1025 328 1102; x_wconf 84' lang='lat' dir='ltr'><strong>opposuit</strong></span> <span class='ocrx_word' id='word_1_74' title='bbox 350 1023 398 1084; x_wconf 92' lang='lat' dir='ltr'><strong>his</strong></span> <span class='ocrx_word' id='word_1_75' title='bbox 413 1021 471 1084; x_wconf 87' lang='lat' dir='ltr'><strong>tria</strong></span> <span class='ocrx_word' id='word_1_76' title='bbox 484 1019 566 1082; x_wconf 90' lang='lat' dir='ltr'><strong>milia</strong></span> <span class='ocrx_word' id='word_1_77' title='bbox 579 1020 716 1096; x_wconf 88' lang='lat' dir='ltr'><strong>equitum</strong></span> <span class='ocrx_word' id='word_1_78' title='bbox 728 1019 925 1080; x_wconf 76' lang='lat' dir='ltr'><strong>loricatorum</strong></span> <span class='ocrx_word' id='word_1_79' title='bbox 934 1039 979 1064; x_wconf 48' lang='grc' dir='ltr'><strong>-ὃ</strong></span> <span class='ocrx_word' id='word_1_80' title='bbox 990 1017 1162 1096; x_wconf 75' lang='lat' dir='ltr'><strong>catapbre</strong></span> 
     </span>
     <span class='ocr_line' id='line_1_11' title="bbox 171 1100 1158 1184; baseline -0.011 -13"><span class='ocrx_word' id='word_1_81' title='bbox 171 1117 238 1171; x_wconf 89' lang='lat' dir='ltr'><strong>etos</strong></span> <span class='ocrx_word' id='word_1_82' title='bbox 254 1105 315 1184; x_wconf 88' lang='lat' dir='ltr'><strong>ipsi</strong></span> <span class='ocrx_word' id='word_1_83' title='bbox 329 1107 537 1184; x_wconf 80' lang='lat' dir='ltr'><strong>appellant-</strong></span> <span class='ocrx_word' id='word_1_84' title='bbox 547 1103 693 1164; x_wconf 79' lang='lat' dir='ltr'><strong>adiunxit.</strong></span> <span class='ocrx_word' id='word_1_85' title='bbox 712 1102 817 1164; x_wconf 87' lang='lat' dir='ltr'><strong>addita</strong></span> <span class='ocrx_word' id='word_1_86' title='bbox 830 1100 880 1164; x_wconf 86' lang='lat' dir='ltr'><strong>bis</strong></span> <span class='ocrx_word' id='word_1_87' title='bbox 894 1103 944 1162; x_wconf 87' lang='lat' dir='ltr'><strong>ala</strong></span> <span class='ocrx_word' id='word_1_88' title='bbox 957 1104 1050 1163; x_wconf 86' lang='lat' dir='ltr'><strong>mille</strong></span> <span class='ocrx_word' id='word_1_89' title='bbox 1066 1101 1158 1162; x_wconf 76' lang='lat' dir='ltr'><strong>ferme</strong></span> 
     </span>
     <span class='ocr_line' id='line_1_12' title="bbox 171 1185 1160 1270; baseline -0.012 -16"><span class='ocrx_word' id='word_1_90' title='bbox 171 1193 323 1270; x_wconf 85' lang='lat' dir='ltr'><strong>equitnm=</strong></span> <span class='ocrx_word' id='word_1_91' title='bbox 350 1207 460 1267; x_wconf 81' lang='lat' dir='ltr'><strong>agema</strong></span> <span class='ocrx_word' id='word_1_92' title='bbox 473 1205 541 1250; x_wconf 88' lang='lat' dir='ltr'><strong>eam</strong></span> <span class='ocrx_word' id='word_1_93' title='bbox 554 1187 719 1248; x_wconf 88' lang='lat' dir='ltr'><strong>vocabant=</strong></span> <span class='ocrx_word' id='word_1_94' title='bbox 746 1185 829 1246; x_wconf 83' lang='lat' dir='ltr'><strong>Medi</strong></span> <span class='ocrx_word' id='word_1_95' title='bbox 843 1191 940 1260; x_wconf 85' lang='lat' dir='ltr'><strong>erant,</strong></span> <span class='ocrx_word' id='word_1_96' title='bbox 954 1186 1031 1247; x_wconf 79' lang='lat' dir='ltr'><strong>lecti</strong></span> <span class='ocrx_word' id='word_1_97' title='bbox 1047 1185 1117 1257; x_wconf 78' lang='lat' dir='ltr'><strong>uiri,</strong></span> <span class='ocrx_word' id='word_1_98' title='bbox 1133 1191 1160 1243; x_wconf 90' lang='lat' dir='ltr'><strong>et</strong></span> 
     </span>
     <span class='ocr_line' id='line_1_13' title="bbox 171 1266 1158 1350; baseline -0.012 -12"><span class='ocrx_word' id='word_1_99' title='bbox 171 1279 309 1338; x_wconf 90' lang='lat' dir='ltr'><strong>eiusdem</strong></span> <span class='ocrx_word' id='word_1_100' title='bbox 328 1276 462 1350; x_wconf 78' lang='lat' dir='ltr'><strong>regionis</strong></span> <span class='ocrx_word' id='word_1_101' title='bbox 477 1273 562 1333; x_wconf 87' lang='lat' dir='ltr'><strong>mixti</strong></span> <span class='ocrx_word' id='word_1_102' title='bbox 575 1273 734 1332; x_wconf 85' lang='lat' dir='ltr'><strong>multarum</strong></span> <span class='ocrx_word' id='word_1_103' title='bbox 748 1271 882 1344; x_wconf 83' lang='lat' dir='ltr'><strong>genuum</strong></span> <span class='ocrx_word' id='word_1_104' title='bbox 897 1269 1033 1345; x_wconf 81' lang='lat' dir='ltr'><strong>equites.</strong></span> <span class='ocrx_word' id='word_1_105' title='bbox 1065 1266 1158 1328; x_wconf 84' lang='lat' dir='ltr'><strong>eonti-</strong></span> 
     </span>
     <span class='ocr_line' id='line_1_14' title="bbox 173 1351 1157 1434; baseline -0.011 -14"><span class='ocrx_word' id='word_1_106' title='bbox 173 1377 251 1422; x_wconf 89' lang='lat' dir='ltr'><strong>nens</strong></span> <span class='ocrx_word' id='word_1_107' title='bbox 275 1360 324 1420; x_wconf 93' lang='lat' dir='ltr'><strong>his</strong></span> <span class='ocrx_word' id='word_1_108' title='bbox 349 1373 425 1434; x_wconf 85' lang='lat' dir='ltr'><strong>grex</strong></span> <span class='ocrx_word' id='word_1_109' title='bbox 450 1357 585 1418; x_wconf 88' lang='lat' dir='ltr'><strong>sedecim</strong></span> <span class='ocrx_word' id='word_1_110' title='bbox 611 1354 844 1431; x_wconf 84' lang='lat' dir='ltr'><strong>elephantorum</strong></span> <span class='ocrx_word' id='word_1_111' title='bbox 863 1359 910 1414; x_wconf 85' lang='lat' dir='ltr'><strong>eet</strong></span> <span class='ocrx_word' id='word_1_112' title='bbox 933 1351 1111 1429; x_wconf 85' lang='lat' dir='ltr'><strong>oppositus</strong></span> <span class='ocrx_word' id='word_1_113' title='bbox 1130 1351 1157 1410; x_wconf 93' lang='lat' dir='ltr'><strong>in</strong></span> 
     </span>
     <span class='ocr_line' id='line_1_15' title="bbox 171 1436 1162 1515; baseline -0.013 -9"><span class='ocrx_word' id='word_1_114' title='bbox 171 1443 329 1506; x_wconf 89' lang='lat' dir='ltr'><strong>subsidiis.</strong></span> <span class='ocrx_word' id='word_1_115' title='bbox 351 1443 390 1502; x_wconf 91' lang='lat' dir='ltr'><strong>ab</strong></span> <span class='ocrx_word' id='word_1_116' title='bbox 405 1441 513 1502; x_wconf 89' lang='lat' dir='ltr'><strong>eadem</strong></span> <span class='ocrx_word' id='word_1_117' title='bbox 528 1447 623 1515; x_wconf 87' lang='lat' dir='ltr'><strong>pane,</strong></span> <span class='ocrx_word' id='word_1_118' title='bbox 640 1439 765 1514; x_wconf 88' lang='lat' dir='ltr'><strong>paulum</strong></span> <span class='ocrx_word' id='word_1_119' title='bbox 777 1437 929 1514; x_wconf 81' lang='lat' dir='ltr'><strong>prndnen</strong></span> <span class='ocrx_word' id='word_1_120' title='bbox 945 1453 1061 1510; x_wconf 89' lang='lat' dir='ltr'><strong>cornu,</strong></span> <span class='ocrx_word' id='word_1_121' title='bbox 1077 1436 1162 1510; x_wconf 77' lang='lat' dir='ltr'><strong>regia</strong></span> 
     </span>
     <span class='ocr_line' id='line_1_16' title="bbox 171 1521 1154 1600; baseline -0.008 -13"><span class='ocrx_word' id='word_1_122' title='bbox 171 1528 284 1588; x_wconf 81' lang='lat' dir='ltr'><strong>cohors</strong></span> <span class='ocrx_word' id='word_1_123' title='bbox 300 1533 379 1587; x_wconf 74' lang='lat' dir='ltr'><strong>ema</strong></span> <span class='ocrx_word' id='word_1_124' title='bbox 399 1523 619 1600; x_wconf 80' lang='lat' dir='ltr'><strong>argyraspides</strong></span> <span class='ocrx_word' id='word_1_125' title='bbox 634 1539 653 1582; x_wconf 87' lang='lat' dir='ltr'><strong>a</strong></span> <span class='ocrx_word' id='word_1_126' title='bbox 666 1537 780 1598; x_wconf 88' lang='lat' dir='ltr'><strong>genere</strong></span> <span class='ocrx_word' id='word_1_127' title='bbox 791 1532 942 1584; x_wconf 86' lang='lat' dir='ltr'><strong>armorum</strong></span> <span class='ocrx_word' id='word_1_128' title='bbox 953 1521 1154 1599; x_wconf 72' lang='lat' dir='ltr'><strong>appellabar</strong></span> 
     </span>
     <span class='ocr_line' id='line_1_17' title="bbox 170 1605 1156 1682; baseline -0.004 -12"><span class='ocrx_word' id='word_1_129' title='bbox 170 1618 228 1670; x_wconf 89' lang='lat' dir='ltr'><strong>tur.</strong></span> <span class='ocrx_word' id='word_1_130' title='bbox 261 1609 366 1670; x_wconf 86' lang='lat' dir='ltr'><strong>Dahae</strong></span> <span class='ocrx_word' id='word_1_131' title='bbox 386 1607 512 1679; x_wconf 89' lang='lat' dir='ltr'><strong>deinde,</strong></span> <span class='ocrx_word' id='word_1_132' title='bbox 538 1607 658 1682; x_wconf 83' lang='lat' dir='ltr'><strong>equites</strong></span> <span class='ocrx_word' id='word_1_133' title='bbox 680 1606 842 1682; x_wconf 87' lang='lat' dir='ltr'><strong>sagittarii,</strong></span> <span class='ocrx_word' id='word_1_134' title='bbox 866 1609 947 1669; x_wconf 88' lang='lat' dir='ltr'><strong>mille</strong></span> <span class='ocrx_word' id='word_1_135' title='bbox 968 1615 1000 1668; x_wconf 90' lang='lat' dir='ltr'><strong>et</strong></span> <span class='ocrx_word' id='word_1_136' title='bbox 1021 1605 1156 1668; x_wconf 85' lang='lat' dir='ltr'><strong>ducenti</strong></span> 
     </span>
     <span class='ocr_line' id='line_1_18' title="bbox 171 1689 1155 1768; baseline -0.004 -15"><span class='ocrx_word' id='word_1_137' title='bbox 171 1701 234 1753; x_wconf 89' lang='lat' dir='ltr'><strong>tum</strong></span> <span class='ocrx_word' id='word_1_138' title='bbox 248 1691 325 1751; x_wconf 91' lang='lat' dir='ltr'><strong>levis</strong></span> <span class='ocrx_word' id='word_1_139' title='bbox 341 1699 492 1752; x_wconf 88' lang='lat' dir='ltr'><strong>armatura</strong></span> <span class='ocrx_word' id='word_1_140' title='bbox 505 1689 595 1751; x_wconf 88' lang='lat' dir='ltr'><strong>trium</strong></span> <span class='ocrx_word' id='word_1_141' title='bbox 609 1691 732 1764; x_wconf 92' lang='lat' dir='ltr'><strong>milium,</strong></span> <span class='ocrx_word' id='word_1_142' title='bbox 748 1692 814 1768; x_wconf 87' lang='lat' dir='ltr'><strong>pari</strong></span> <span class='ocrx_word' id='word_1_143' title='bbox 830 1693 925 1752; x_wconf 80' lang='lat' dir='ltr'><strong>tenne</strong></span> <span class='ocrx_word' id='word_1_144' title='bbox 937 1707 1073 1754; x_wconf 79' lang='lat' dir='ltr'><strong>annuero</strong></span> <span class='ocrx_word' id='word_1_145' title='bbox 1085 1705 1155 1766; x_wconf 83' lang='lat' dir='ltr'><strong>pura</strong></span> 
     </span>
     <span class='ocr_line' id='line_1_19' title="bbox 171 1771 1153 1852; baseline -0.003 -17"><span class='ocrx_word' id='word_1_146' title='bbox 171 1775 334 1836; x_wconf 81' lang='lat' dir='ltr'><strong>cretenses</strong></span> <span class='ocrx_word' id='word_1_147' title='bbox 349 1789 424 1850; x_wconf 88' lang='lat' dir='ltr'><strong>pars</strong></span> <span class='ocrx_word' id='word_1_148' title='bbox 433 1771 558 1836; x_wconf 65' lang='lat' dir='ltr'><strong>halles.</strong></span> <span class='ocrx_word' id='word_1_149' title='bbox 581 1774 643 1836; x_wconf 92' lang='lat' dir='ltr'><strong>duo</strong></span> <span class='ocrx_word' id='word_1_150' title='bbox 657 1775 739 1834; x_wconf 91' lang='lat' dir='ltr'><strong>milia</strong></span> <span class='ocrx_word' id='word_1_151' title='bbox 753 1783 784 1836; x_wconf 90' lang='lat' dir='ltr'><strong>et</strong></span> <span class='ocrx_word' id='word_1_152' title='bbox 798 1777 953 1851; x_wconf 85' lang='lat' dir='ltr'><strong>quingenti</strong></span> <span class='ocrx_word' id='word_1_153' title='bbox 965 1775 1052 1852; x_wconf 77' lang='lat' dir='ltr'><strong>Mysi</strong></span> <span class='ocrx_word' id='word_1_154' title='bbox 1065 1773 1153 1848; x_wconf 83' lang='lat' dir='ltr'><strong>sagit</strong></span> 
     </span>
     <span class='ocr_line' id='line_1_20' title="bbox 170 1858 1154 1933; baseline -0.004 -15"><span class='ocrx_word' id='word_1_155' title='bbox 170 1859 238 1918; x_wconf 89' lang='lat' dir='ltr'><strong>tnrii</strong></span> <span class='ocrx_word' id='word_1_156' title='bbox 255 1858 304 1920; x_wconf 89' lang='lat' dir='ltr'><strong>his</strong></span> <span class='ocrx_word' id='word_1_157' title='bbox 319 1858 453 1920; x_wconf 84' lang='lat' dir='ltr'><strong>adiuncti</strong></span> <span class='ocrx_word' id='word_1_158' title='bbox 466 1866 562 1920; x_wconf 88' lang='lat' dir='ltr'><strong>erant.</strong></span> <span class='ocrx_word' id='word_1_159' title='bbox 585 1866 752 1919; x_wconf 84' lang='lat' dir='ltr'><strong>extremum</strong></span> <span class='ocrx_word' id='word_1_160' title='bbox 763 1869 859 1920; x_wconf 84' lang='lat' dir='ltr'><strong>corun</strong></span> <span class='ocrx_word' id='word_1_161' title='bbox 870 1859 1059 1920; x_wconf 84' lang='lat' dir='ltr'><strong>claudebant</strong></span> <span class='ocrx_word' id='word_1_162' title='bbox 1072 1861 1154 1933; x_wconf 77' lang='lat' dir='ltr'><strong>quat</strong></span> 
     </span>
     <span class='ocr_line' id='line_1_21' title="bbox 171 1939 1157 2021; baseline -0.006 -17"><span class='ocrx_word' id='word_1_163' title='bbox 171 1951 241 2006; x_wconf 91' lang='lat' dir='ltr'><strong>tuor</strong></span> <span class='ocrx_word' id='word_1_164' title='bbox 261 1943 343 2004; x_wconf 89' lang='lat' dir='ltr'><strong>milia</strong></span> <span class='ocrx_word' id='word_1_165' title='bbox 363 1943 448 2004; x_wconf 82' lang='lat' dir='ltr'><strong>nrixti</strong></span> <span class='ocrx_word' id='word_1_166' title='bbox 466 1943 586 2021; x_wconf 78' lang='lat' dir='ltr'><strong>cyrinei</strong></span> <span class='ocrx_word' id='word_1_167' title='bbox 607 1940 776 2004; x_wconf 82' lang='lat' dir='ltr'><strong>funditores</strong></span> <span class='ocrx_word' id='word_1_168' title='bbox 792 1950 823 2003; x_wconf 85' lang='lat' dir='ltr'><strong>et</strong></span> <span class='ocrx_word' id='word_1_169' title='bbox 834 1941 972 2020; x_wconf 83' lang='lat' dir='ltr'><strong>Elymaei</strong></span> <span class='ocrx_word' id='word_1_170' title='bbox 993 1939 1157 2019; x_wconf 76' lang='lat' dir='ltr'><strong>sagittarii:</strong></span> 
     </span>
     <span class='ocr_line' id='line_1_22' title="bbox 173 2025 1152 2101; baseline -0.006 -13"><span class='ocrx_word' id='word_1_171' title='bbox 173 2027 212 2088; x_wconf 90' lang='lat' dir='ltr'><strong>ab</strong></span> <span class='ocrx_word' id='word_1_172' title='bbox 223 2029 311 2088; x_wconf 89' lang='lat' dir='ltr'><strong>laevo</strong></span> <span class='ocrx_word' id='word_1_173' title='bbox 324 2043 419 2088; x_wconf 88' lang='lat' dir='ltr'><strong>cumn</strong></span> <span class='ocrx_word' id='word_1_174' title='bbox 432 2025 614 2101; x_wconf 85' lang='lat' dir='ltr'><strong>phalangitis</strong></span> <span class='ocrx_word' id='word_1_175' title='bbox 626 2025 760 2087; x_wconf 83' lang='lat' dir='ltr'><strong>adiuncti</strong></span> <span class='ocrx_word' id='word_1_176' title='bbox 771 2027 1059 2100; x_wconf 83' lang='lat' dir='ltr'><strong>eranttlallograeci</strong></span> <span class='ocrx_word' id='word_1_177' title='bbox 1071 2025 1152 2100; x_wconf 91' lang='lat' dir='ltr'><strong>equi·</strong></span> 
     </span>
     <span class='ocr_line' id='line_1_23' title="bbox 171 2109 1151 2185; baseline -0.005 -13"><span class='ocrx_word' id='word_1_178' title='bbox 171 2117 219 2172; x_wconf 86' lang='lat' dir='ltr'><strong>tes</strong></span> <span class='ocrx_word' id='word_1_179' title='bbox 232 2111 314 2170; x_wconf 91' lang='lat' dir='ltr'><strong>mille</strong></span> <span class='ocrx_word' id='word_1_180' title='bbox 329 2117 359 2172; x_wconf 91' lang='lat' dir='ltr'><strong>et</strong></span> <span class='ocrx_word' id='word_1_181' title='bbox 375 2109 547 2185; x_wconf 87' lang='lat' dir='ltr'><strong>quingenti,</strong></span> <span class='ocrx_word' id='word_1_182' title='bbox 567 2109 703 2169; x_wconf 86' lang='lat' dir='ltr'><strong>similiter</strong></span> <span class='ocrx_word' id='word_1_183' title='bbox 715 2109 763 2169; x_wconf 89' lang='lat' dir='ltr'><strong>his</strong></span> <span class='ocrx_word' id='word_1_184' title='bbox 778 2111 885 2170; x_wconf 83' lang='lat' dir='ltr'><strong>armati</strong></span> <span class='ocrx_word' id='word_1_185' title='bbox 899 2110 961 2170; x_wconf 90' lang='lat' dir='ltr'><strong>duo</strong></span> <span class='ocrx_word' id='word_1_186' title='bbox 975 2109 1063 2170; x_wconf 91' lang='lat' dir='ltr'><strong>milia</strong></span> <span class='ocrx_word' id='word_1_187' title='bbox 1080 2109 1151 2183; x_wconf 82' lang='lat' dir='ltr'><strong>Cap·</strong></span> 
     </span>
     <span class='ocr_line' id='line_1_24' title="bbox 172 2191 1152 2268; baseline 0 -17"><span class='ocrx_word' id='word_1_188' title='bbox 172 2194 343 2268; x_wconf 71' lang='lat' dir='ltr'><strong>patiacum:</strong></span> <span class='ocrx_word' id='word_1_189' title='bbox 366 2194 406 2251; x_wconf 90' lang='lat' dir='ltr'><strong>ab</strong></span> <span class='ocrx_word' id='word_1_190' title='bbox 419 2192 579 2252; x_wconf 84' lang='lat' dir='ltr'><strong>Ariarathe</strong></span> <span class='ocrx_word' id='word_1_191' title='bbox 600 2191 686 2251; x_wconf 87' lang='lat' dir='ltr'><strong>missi</strong></span> <span class='ocrx_word' id='word_1_192' title='bbox 702 2199 790 2254; x_wconf 88' lang='lat' dir='ltr'><strong>erant</strong></span> <span class='ocrx_word' id='word_1_193' title='bbox 802 2192 877 2268; x_wconf 89' lang='lat' dir='ltr'><strong>regi.</strong></span> <span class='ocrx_word' id='word_1_194' title='bbox 899 2193 972 2253; x_wconf 91' lang='lat' dir='ltr'><strong>inde</strong></span> <span class='ocrx_word' id='word_1_195' title='bbox 986 2195 1152 2256; x_wconf 85' lang='lat' dir='ltr'><strong>auxiliares</strong></span> 
     </span>
     <span class='ocr_line' id='line_1_25' title="bbox 170 2275 1151 2352; baseline -0.002 -18"><span class='ocrx_word' id='word_1_196' title='bbox 170 2276 255 2334; x_wconf 87' lang='lat' dir='ltr'><strong>mixti</strong></span> <span class='ocrx_word' id='word_1_197' title='bbox 271 2275 406 2336; x_wconf 88' lang='lat' dir='ltr'><strong>omnium</strong></span> <span class='ocrx_word' id='word_1_198' title='bbox 420 2291 566 2350; x_wconf 88' lang='lat' dir='ltr'><strong>generum</strong></span> <span class='ocrx_word' id='word_1_199' title='bbox 579 2275 640 2335; x_wconf 89' lang='lat' dir='ltr'><strong>duo</strong></span> <span class='ocrx_word' id='word_1_200' title='bbox 656 2277 737 2336; x_wconf 89' lang='lat' dir='ltr'><strong>milia</strong></span> <span class='ocrx_word' id='word_1_201' title='bbox 752 2277 944 2352; x_wconf 89' lang='lat' dir='ltr'><strong>septingenti,</strong></span> <span class='ocrx_word' id='word_1_202' title='bbox 958 2285 991 2338; x_wconf 91' lang='lat' dir='ltr'><strong>et</strong></span> <span class='ocrx_word' id='word_1_203' title='bbox 1005 2279 1064 2340; x_wconf 88' lang='lat' dir='ltr'><strong>tria</strong></span> <span class='ocrx_word' id='word_1_204' title='bbox 1074 2275 1151 2338; x_wconf 90' lang='lat' dir='ltr'><strong>milia</strong></span> 
     </span>
     <span class='ocr_line' id='line_1_26' title="bbox 171 2359 1152 2440; baseline -0.002 -22"><span class='ocrx_word' id='word_1_205' title='bbox 171 2359 438 2433; x_wconf 87' lang='lat' dir='ltr'><strong>cataphractorum</strong></span> <span class='ocrx_word' id='word_1_206' title='bbox 453 2359 604 2434; x_wconf 88' lang='lat' dir='ltr'><strong>equitum,</strong></span> <span class='ocrx_word' id='word_1_207' title='bbox 626 2369 656 2420; x_wconf 91' lang='lat' dir='ltr'><strong>et</strong></span> <span class='ocrx_word' id='word_1_208' title='bbox 674 2361 756 2421; x_wconf 87' lang='lat' dir='ltr'><strong>mille</strong></span> <span class='ocrx_word' id='word_1_209' title='bbox 776 2359 826 2421; x_wconf 88' lang='lat' dir='ltr'><strong>alii</strong></span> <span class='ocrx_word' id='word_1_210' title='bbox 847 2364 982 2436; x_wconf 90' lang='lat' dir='ltr'><strong>equites,</strong></span> <span class='ocrx_word' id='word_1_211' title='bbox 1004 2363 1093 2440; x_wconf 85' lang='lat' dir='ltr'><strong>regia</strong></span> <span class='ocrx_word' id='word_1_212' title='bbox 1107 2359 1152 2418; x_wconf 87' lang='lat' dir='ltr'><strong>ala</strong></span> 
     </span>
     <span class='ocr_line' id='line_1_27' title="bbox 170 2443 1151 2520; baseline -0.001 -17"><span class='ocrx_word' id='word_1_213' title='bbox 170 2443 337 2504; x_wconf 86' lang='lat' dir='ltr'><strong>levioribus</strong></span> <span class='ocrx_word' id='word_1_214' title='bbox 355 2445 538 2519; x_wconf 87' lang='lat' dir='ltr'><strong>tegumentis</strong></span> <span class='ocrx_word' id='word_1_215' title='bbox 554 2445 621 2504; x_wconf 92' lang='lat' dir='ltr'><strong>suis</strong></span> <span class='ocrx_word' id='word_1_216' title='bbox 636 2459 865 2520; x_wconf 87' lang='lat' dir='ltr'><strong>equorumque,</strong></span> <span class='ocrx_word' id='word_1_217' title='bbox 887 2445 947 2506; x_wconf 90' lang='lat' dir='ltr'><strong>alio</strong></span> <span class='ocrx_word' id='word_1_218' title='bbox 962 2445 1047 2507; x_wconf 88' lang='lat' dir='ltr'><strong>haud</strong></span> <span class='ocrx_word' id='word_1_219' title='bbox 1062 2444 1151 2506; x_wconf 87' lang='lat' dir='ltr'><strong>dissi·</strong></span> 
     </span>
     <span class='ocr_line' id='line_1_28' title="bbox 170 2523 1149 2609; baseline 0.002 -23"><span class='ocrx_word' id='word_1_220' title='bbox 170 2528 232 2587; x_wconf 90' lang='lat' dir='ltr'><strong>mili</strong></span> <span class='ocrx_word' id='word_1_221' title='bbox 252 2527 373 2590; x_wconf 83' lang='lat' dir='ltr'><strong>habitu=</strong></span> <span class='ocrx_word' id='word_1_222' title='bbox 397 2527 467 2608; x_wconf 77' lang='lat' dir='ltr'><strong>Syri</strong></span> <span class='ocrx_word' id='word_1_223' title='bbox 488 2527 629 2604; x_wconf 88' lang='lat' dir='ltr'><strong>plerique</strong></span> <span class='ocrx_word' id='word_1_224' title='bbox 649 2536 735 2590; x_wconf 86' lang='lat' dir='ltr'><strong>erant</strong></span> <span class='ocrx_word' id='word_1_225' title='bbox 747 2523 921 2608; x_wconf 79' lang='lat' dir='ltr'><strong>Phrygibus</strong></span> <span class='ocrx_word' id='word_1_226' title='bbox 943 2536 973 2589; x_wconf 90' lang='lat' dir='ltr'><strong>et</strong></span> <span class='ocrx_word' id='word_1_227' title='bbox 986 2531 1086 2609; x_wconf 71' lang='lat' dir='ltr'><strong>hydis</strong></span> <span class='ocrx_word' id='word_1_228' title='bbox 1099 2529 1149 2588; x_wconf 88' lang='lat' dir='ltr'><strong>im·</strong></span> 
     </span>
     <span class='ocr_line' id='line_1_29' title="bbox 171 2609 1150 2690; baseline -0.002 -20"><span class='ocrx_word' id='word_1_229' title='bbox 171 2611 264 2674; x_wconf 88' lang='lat' dir='ltr'><strong>mixti.</strong></span> <span class='ocrx_word' id='word_1_230' title='bbox 297 2620 366 2672; x_wconf 90' lang='lat' dir='ltr'><strong>ante</strong></span> <span class='ocrx_word' id='word_1_231' title='bbox 385 2612 467 2673; x_wconf 89' lang='lat' dir='ltr'><strong>hune</strong></span> <span class='ocrx_word' id='word_1_232' title='bbox 482 2613 649 2688; x_wconf 86' lang='lat' dir='ltr'><strong>equitatum</strong></span> <span class='ocrx_word' id='word_1_233' title='bbox 664 2613 792 2674; x_wconf 81' lang='lat' dir='ltr'><strong>falcatae</strong></span> <span class='ocrx_word' id='word_1_234' title='bbox 808 2609 976 2690; x_wconf 83' lang='lat' dir='ltr'><strong>quadrigae</strong></span> <span class='ocrx_word' id='word_1_235' title='bbox 989 2609 1021 2674; x_wconf 88' lang='lat' dir='ltr'><strong>et</strong></span> <span class='ocrx_word' id='word_1_236' title='bbox 1035 2609 1150 2683; x_wconf 85' lang='lat' dir='ltr'><strong>cameli,</strong></span> 
     </span>
     <span class='ocr_line' id='line_1_30' title="bbox 172 2693 1148 2774; baseline -0.002 -20"><span class='ocrx_word' id='word_1_237' title='bbox 172 2709 253 2769; x_wconf 87' lang='lat' dir='ltr'><strong>quos</strong></span> <span class='ocrx_word' id='word_1_238' title='bbox 273 2697 430 2772; x_wconf 87' lang='lat' dir='ltr'><strong>appellant</strong></span> <span class='ocrx_word' id='word_1_239' title='bbox 449 2697 624 2774; x_wconf 85' lang='lat' dir='ltr'><strong>dromedas.</strong></span> <span class='ocrx_word' id='word_1_240' title='bbox 655 2695 703 2757; x_wconf 91' lang='lat' dir='ltr'><strong>his</strong></span> <span class='ocrx_word' id='word_1_241' title='bbox 723 2695 898 2758; x_wconf 84' lang='lat' dir='ltr'><strong>insidebant</strong></span> <span class='ocrx_word' id='word_1_242' title='bbox 918 2697 1040 2758; x_wconf 84' lang='lat' dir='ltr'><strong>Arabes</strong></span> <span class='ocrx_word' id='word_1_243' title='bbox 1059 2693 1148 2772; x_wconf 86' lang='lat' dir='ltr'><strong>sagit·</strong></span> 
     </span>
     <span class='ocr_line' id='line_1_31' title="bbox 171 2776 1149 2854; baseline -0.002 -17"><span class='ocrx_word' id='word_1_244' title='bbox 171 2776 253 2850; x_wconf 89' lang='lat' dir='ltr'><strong>tarii,</strong></span> <span class='ocrx_word' id='word_1_245' title='bbox 269 2779 389 2853; x_wconf 87' lang='lat' dir='ltr'><strong>gladios</strong></span> <span class='ocrx_word' id='word_1_246' title='bbox 403 2779 504 2840; x_wconf 72' lang='lat' dir='ltr'><strong>tenus</strong></span> <span class='ocrx_word' id='word_1_247' title='bbox 518 2779 681 2853; x_wconf 89' lang='lat' dir='ltr'><strong>habentes,</strong></span> <span class='ocrx_word' id='word_1_248' title='bbox 702 2781 813 2854; x_wconf 88' lang='lat' dir='ltr'><strong>longos</strong></span> <span class='ocrx_word' id='word_1_249' title='bbox 829 2786 977 2854; x_wconf 87' lang='lat' dir='ltr'><strong>quaterna</strong></span> <span class='ocrx_word' id='word_1_250' title='bbox 993 2779 1104 2854; x_wconf 88' lang='lat' dir='ltr'><strong>cubita,</strong></span> <span class='ocrx_word' id='word_1_251' title='bbox 1120 2784 1149 2836; x_wconf 88' lang='lat' dir='ltr'><strong>ut</strong></span> 
     </span>
     <span class='ocr_line' id='line_1_32' title="bbox 172 2860 1146 2939; baseline 0 -20"><span class='ocrx_word' id='word_1_252' title='bbox 172 2876 212 2920; x_wconf 89' lang='lat' dir='ltr'><strong>ex</strong></span> <span class='ocrx_word' id='word_1_253' title='bbox 225 2867 309 2920; x_wconf 88' lang='lat' dir='ltr'><strong>tanta</strong></span> <span class='ocrx_word' id='word_1_254' title='bbox 329 2861 486 2922; x_wconf 87' lang='lat' dir='ltr'><strong>altitudine</strong></span> <span class='ocrx_word' id='word_1_255' title='bbox 507 2861 685 2936; x_wconf 87' lang='lat' dir='ltr'><strong>contingere</strong></span> <span class='ocrx_word' id='word_1_256' title='bbox 703 2863 823 2925; x_wconf 86' lang='lat' dir='ltr'><strong>hostem</strong></span> <span class='ocrx_word' id='word_1_257' title='bbox 839 2870 977 2939; x_wconf 87' lang='lat' dir='ltr'><strong>possent.</strong></span> <span class='ocrx_word' id='word_1_258' title='bbox 1005 2864 1080 2926; x_wconf 87' lang='lat' dir='ltr'><strong>inde</strong></span> <span class='ocrx_word' id='word_1_259' title='bbox 1094 2860 1146 2923; x_wconf 90' lang='lat' dir='ltr'><strong>alin</strong></span> 
     </span>
     <span class='ocr_line' id='line_1_33' title="bbox 171 2943 1146 3023; baseline 0 -19"><span class='ocrx_word' id='word_1_260' title='bbox 171 2943 341 3016; x_wconf 91' lang='lat' dir='ltr'><strong>multitudo,</strong></span> <span class='ocrx_word' id='word_1_261' title='bbox 356 2959 413 3019; x_wconf 91' lang='lat' dir='ltr'><strong>par</strong></span> <span class='ocrx_word' id='word_1_262' title='bbox 427 2945 455 3005; x_wconf 86' lang='lat' dir='ltr'><strong>ei</strong></span> <span class='ocrx_word' id='word_1_263' title='bbox 471 2959 550 3020; x_wconf 88' lang='lat' dir='ltr'><strong>quae</strong></span> <span class='ocrx_word' id='word_1_264' title='bbox 567 2944 598 3006; x_wconf 90' lang='lat' dir='ltr'><strong>in</strong></span> <span class='ocrx_word' id='word_1_265' title='bbox 613 2945 722 3008; x_wconf 85' lang='lat' dir='ltr'><strong>dextro</strong></span> <span class='ocrx_word' id='word_1_266' title='bbox 737 2960 834 3008; x_wconf 86' lang='lat' dir='ltr'><strong>cornu</strong></span> <span class='ocrx_word' id='word_1_267' title='bbox 849 2955 921 3021; x_wconf 82' lang='lat' dir='ltr'><strong>erat,</strong></span> <span class='ocrx_word' id='word_1_268' title='bbox 937 2947 1025 3023; x_wconf 89' lang='lat' dir='ltr'><strong>primi</strong></span> <span class='ocrx_word' id='word_1_269' title='bbox 1039 2949 1146 3008; x_wconf 82' lang='lat' dir='ltr'><strong>Taren·</strong></span> 
     </span>
     <span class='ocr_line' id='line_1_34' title="bbox 170 3026 1146 3107; baseline 0 -18"><span class='ocrx_word' id='word_1_270' title='bbox 170 3028 240 3102; x_wconf 90' lang='lat' dir='ltr'><strong>tini,</strong></span> <span class='ocrx_word' id='word_1_271' title='bbox 262 3026 374 3088; x_wconf 89' lang='lat' dir='ltr'><strong>deinde</strong></span> <span class='ocrx_word' id='word_1_272' title='bbox 390 3028 659 3105; x_wconf 87' lang='lat' dir='ltr'><strong>Gallograecomm</strong></span> <span class='ocrx_word' id='word_1_273' title='bbox 682 3032 817 3106; x_wconf 90' lang='lat' dir='ltr'><strong>equitum</strong></span> <span class='ocrx_word' id='word_1_274' title='bbox 840 3029 902 3092; x_wconf 88' lang='lat' dir='ltr'><strong>duo</strong></span> <span class='ocrx_word' id='word_1_275' title='bbox 922 3027 1004 3091; x_wconf 88' lang='lat' dir='ltr'><strong>milia</strong></span> <span class='ocrx_word' id='word_1_276' title='bbox 1018 3040 1050 3092; x_wconf 88' lang='lat' dir='ltr'><strong>et</strong></span> <span class='ocrx_word' id='word_1_277' title='bbox 1064 3031 1146 3107; x_wconf 90' lang='lat' dir='ltr'><strong>qnin-</strong></span> 
     </span>
     <span class='ocr_line' id='line_1_35' title="bbox 171 3110 1145 3190; baseline -0.001 -16"><span class='ocrx_word' id='word_1_278' title='bbox 171 3110 262 3189; x_wconf 90' lang='lat' dir='ltr'><strong>genti,</strong></span> <span class='ocrx_word' id='word_1_279' title='bbox 270 3110 518 3177; x_wconf 84' lang='lat' dir='ltr'><strong>indelieoeretes</strong></span> <span class='ocrx_word' id='word_1_280' title='bbox 534 3115 630 3190; x_wconf 90' lang='lat' dir='ltr'><strong>mille,</strong></span> <span class='ocrx_word' id='word_1_281' title='bbox 652 3121 683 3175; x_wconf 91' lang='lat' dir='ltr'><strong>et</strong></span> <span class='ocrx_word' id='word_1_282' title='bbox 696 3116 806 3176; x_wconf 86' lang='lat' dir='ltr'><strong>endem</strong></span> <span class='ocrx_word' id='word_1_283' title='bbox 821 3122 938 3178; x_wconf 84' lang='lat' dir='ltr'><strong>armatu</strong></span> <span class='ocrx_word' id='word_1_284' title='bbox 953 3115 1046 3175; x_wconf 86' lang='lat' dir='ltr'><strong>Cares</strong></span> <span class='ocrx_word' id='word_1_285' title='bbox 1061 3123 1092 3175; x_wconf 88' lang='lat' dir='ltr'><strong>et</strong></span> <span class='ocrx_word' id='word_1_286' title='bbox 1106 3113 1145 3174; x_wconf 88' lang='lat' dir='ltr'><strong>Ci-</strong></span> 
     </span>
     <span class='ocr_line' id='line_1_36' title="bbox 171 3195 1147 3273; baseline -0.001 -17"><span class='ocrx_word' id='word_1_287' title='bbox 171 3198 246 3259; x_wconf 89' lang='lat' dir='ltr'><strong>lieas</strong></span> <span class='ocrx_word' id='word_1_288' title='bbox 266 3197 349 3258; x_wconf 90' lang='lat' dir='ltr'><strong>mille</strong></span> <span class='ocrx_word' id='word_1_289' title='bbox 371 3205 402 3258; x_wconf 85' lang='lat' dir='ltr'><strong>et</strong></span> <span class='ocrx_word' id='word_1_290' title='bbox 418 3197 587 3273; x_wconf 85' lang='lat' dir='ltr'><strong>quingenti,</strong></span> <span class='ocrx_word' id='word_1_291' title='bbox 610 3205 641 3258; x_wconf 91' lang='lat' dir='ltr'><strong>et</strong></span> <span class='ocrx_word' id='word_1_292' title='bbox 660 3197 786 3260; x_wconf 89' lang='lat' dir='ltr'><strong>totidem</strong></span> <span class='ocrx_word' id='word_1_293' title='bbox 800 3199 931 3272; x_wconf 85' lang='lat' dir='ltr'><strong>Tralles,</strong></span> <span class='ocrx_word' id='word_1_294' title='bbox 953 3206 984 3259; x_wconf 87' lang='lat' dir='ltr'><strong>et</strong></span> <span class='ocrx_word' id='word_1_295' title='bbox 996 3199 1055 3258; x_wconf 86' lang='lat' dir='ltr'><strong>tria</strong></span> <span class='ocrx_word' id='word_1_296' title='bbox 1070 3195 1147 3258; x_wconf 88' lang='lat' dir='ltr'><strong>miiin</strong></span> 
     </span>
     <span class='ocr_line' id='line_1_37' title="bbox 172 3281 1145 3360; baseline 0.004 -20"><span class='ocrx_word' id='word_1_297' title='bbox 172 3289 389 3343; x_wconf 70' lang='lat' dir='ltr'><strong>caetratorum</strong></span> <span class='ocrx_word' id='word_1_298' title='bbox 409 3281 530 3342; x_wconf 88' lang='lat' dir='ltr'><strong>Pisidae</strong></span> <span class='ocrx_word' id='word_1_299' title='bbox 556 3288 642 3342; x_wconf 88' lang='lat' dir='ltr'><strong>erant</strong></span> <span class='ocrx_word' id='word_1_300' title='bbox 666 3290 696 3342; x_wconf 92' lang='lat' dir='ltr'><strong>et</strong></span> <span class='ocrx_word' id='word_1_301' title='bbox 713 3281 885 3358; x_wconf 76' lang='lat' dir='ltr'><strong>Pamphylii</strong></span> <span class='ocrx_word' id='word_1_302' title='bbox 910 3289 941 3344; x_wconf 91' lang='lat' dir='ltr'><strong>et</strong></span> <span class='ocrx_word' id='word_1_303' title='bbox 958 3283 1056 3360; x_wconf 78' lang='lat' dir='ltr'><strong>Lyeii.</strong></span> <span class='ocrx_word' id='word_1_304' title='bbox 1088 3291 1145 3344; x_wconf 86' lang='lat' dir='ltr'><strong>tum</strong></span> 
     </span>
     <span class='ocr_line' id='line_1_38' title="bbox 172 3364 1145 3443; baseline 0.001 -19"><span class='ocrx_word' id='word_1_305' title='bbox 172 3364 370 3442; x_wconf 83' lang='lat' dir='ltr'><strong>Cyrtaeorum</strong></span> <span class='ocrx_word' id='word_1_306' title='bbox 385 3373 415 3426; x_wconf 93' lang='lat' dir='ltr'><strong>et</strong></span> <span class='ocrx_word' id='word_1_307' title='bbox 427 3365 644 3443; x_wconf 72' lang='lat' dir='ltr'><strong>Elymaeorum</strong></span> <span class='ocrx_word' id='word_1_308' title='bbox 662 3365 748 3440; x_wconf 88' lang='lat' dir='ltr'><strong>paria</strong></span> <span class='ocrx_word' id='word_1_309' title='bbox 760 3367 791 3426; x_wconf 91' lang='lat' dir='ltr'><strong>in</strong></span> <span class='ocrx_word' id='word_1_310' title='bbox 807 3367 915 3428; x_wconf 87' lang='lat' dir='ltr'><strong>dextro</strong></span> <span class='ocrx_word' id='word_1_311' title='bbox 931 3381 1028 3428; x_wconf 89' lang='lat' dir='ltr'><strong>cornu</strong></span> <span class='ocrx_word' id='word_1_312' title='bbox 1042 3365 1145 3428; x_wconf 74' lang='lat' dir='ltr'><strong>luctis</strong></span> 
     </span>
     <span class='ocr_line' id='line_1_39' title="bbox 171 3446 1144 3525; baseline 0.012 -22"><span class='ocrx_word' id='word_1_313' title='bbox 171 3446 298 3516; x_wconf 84' lang='lat' dir='ltr'><strong>auxilia,</strong></span> <span class='ocrx_word' id='word_1_314' title='bbox 321 3456 351 3507; x_wconf 91' lang='lat' dir='ltr'><strong>et</strong></span> <span class='ocrx_word' id='word_1_315' title='bbox 366 3447 500 3508; x_wconf 88' lang='lat' dir='ltr'><strong>sedecim</strong></span> <span class='ocrx_word' id='word_1_316' title='bbox 516 3448 669 3525; x_wconf 88' lang='lat' dir='ltr'><strong>elephanti</strong></span> <span class='ocrx_word' id='word_1_317' title='bbox 682 3449 805 3511; x_wconf 86' lang='lat' dir='ltr'><strong>modico</strong></span> <span class='ocrx_word' id='word_1_318' title='bbox 820 3449 977 3510; x_wconf 83' lang='lat' dir='ltr'><strong>intervcho</strong></span> <span class='ocrx_word' id='word_1_319' title='bbox 992 3449 1144 3515; x_wconf 74' lang='lat' dir='ltr'><strong>usunue</strong></span> 
     </span>
    </p>
   </div>
   <div class='ocr_carea' id='block_1_3' title="bbox 0 0 1259 3898">
    <p class='ocr_par' dir='ltr' id='par_1_3' title="bbox 0 0 1259 3898">
     <span class='ocr_line' id='line_1_40' title="bbox 0 0 1259 3898; baseline 0 0"><span class='ocrx_word' id='word_1_320' title='bbox 0 0 1259 3898; x_wconf 95' lang='lat' dir='ltr'><strong> </strong></span> 
     </span>
    </p>
   </div>
   <div class='ocr_carea' id='block_1_4' title="bbox 612 3732 671 3851">
    <p class='ocr_par' dir='ltr' id='par_1_4' title="bbox 612 3732 671 3851">
     <span class='ocr_line' id='line_1_41' title="bbox 612 3732 671 3806; baseline -0.034 0"><span class='ocrx_word' id='word_1_321' title='bbox 612 3732 671 3806; x_wconf 46' lang='lat' dir='ltr'><strong>a*</strong></span> 
     </span>
     <span class='ocr_line' id='line_1_42' title="bbox 615 3809 621 3851; baseline 0 0"><span class='ocrx_word' id='word_1_322' title='bbox 615 3809 621 3851; x_wconf 78' lang='lat' dir='ltr'><strong>i</strong></span> 
     </span>
    </p>
   </div>
  </div>
 </body>
</html>
