2480 3904
256 217 531 278 arannxxxvn.
555 217 638 276 aar.
653 221 695 278 rs.
710 197 750 278 ro.
774 224 810 290 [a.
825 222 858 280 c.
875 223 936 290 roo]
1028 217 1091 282 277

112 387 193 432 mum
214 369 377 430 contendit.
413 369 455 428 ibi
470 383 578 430 rursus
592 369 673 429 levia
689 385 744 444 per
759 371 959 434 excursiones
975 375 1091 448 proelia

112 455 178 516 lieri
199 459 323 528 coepta,
342 451 480 512 Eumene
500 467 637 512 summae
657 453 701 512 rei
722 454 885 514 discrimen
901 455 1091 516 hauddubie

112 539 308 598 detractante.
329 550 447 610 paucos
463 541 535 610 post
549 535 616 595 dies
627 536 765 597 Romana
775 537 958 613 Rhodiaque
970 539 1089 613 classis,

111 626 145 681 ut
163 620 228 694 regi
249 633 341 694 opem
362 620 488 694 lerrent,
508 618 631 679 Elaeam
646 619 685 679 ab
701 617 792 683 Samo
807 629 976 683 moverunt.
1010 640 1089 698 quos

110 703 163 764 ubi
178 702 365 778 exposuisse
379 701 487 778 copias
501 702 614 763 Elaeae
628 708 659 763 et
670 707 716 763 tot
730 705 848 764 classes
863 705 893 763 in
907 721 1001 766 unum
1017 721 1089 767 eoa·

110 787 237 848 venisse
259 792 381 862 portum
397 785 548 847 Antiocho
571 787 704 846 adlatum
720 795 780 859 est,
803 795 833 847 et
848 789 905 848 sub
920 789 1001 848 idem
1015 796 1089 850 tem-

110 887 171 946 pus
186 869 302 930 audivit
316 870 474 930 consulem
486 885 555 932 cunr
567 870 703 930 exercitu
714 867 773 929 iam
784 871 813 930 in
825 870 1007 932 Macedonia
1018 888 1090 934 esse

109 953 276 1030 pararique
301 968 381 1027 quae
407 953 446 1013 ad
470 953 629 1013 transitum
655 954 845 1029 Hellesponti
869 971 949 1030 opus
975 964 1090 1030 essent,

109 1046 233 1112 tempus
246 1037 371 1096 venisse
385 1044 480 1110 ratus,
496 1037 675 1112 priusquam
690 1043 771 1096 terra
785 1039 923 1113 marique
937 1040 1024 1099 simul
1039 1057 1089 1100 ur-

110 1127 248 1196 geretur,
274 1118 385 1195 agendi
410 1121 449 1179 de
471 1134 564 1195 pace,
588 1121 735 1180 tumulum
762 1116 914 1195 quendam
939 1123 1089 1184 adversus

108 1205 235 1264 Elaeam
256 1202 365 1264 eastris
381 1203 479 1278 cepit,
501 1202 542 1262 ibi
557 1203 693 1276 peditum
708 1203 849 1265 omnibus
864 1204 961 1280 copiis
976 1207 1090 1266 relictis

110 1305 182 1349 cum
196 1287 333 1362 equitatu
342 1319 385 1330 --
397 1294 482 1347 erant
496 1292 596 1346 autern
608 1301 665 1346 sex
675 1287 758 1347 milia
769 1288 904 1363 equitum
918 1321 954 1332 -
968 1288 997 1348 in
1010 1304 1089 1348 cam·

109 1387 171 1447 pos
187 1371 245 1431 sub
260 1371 330 1446 ipsa
343 1371 455 1430 Elaeae
469 1369 591 1430 moenia
604 1371 765 1432 descendit
777 1372 874 1434 misso
889 1371 1091 1434 caduceatore

108 1456 152 1516 ad
165 1453 336 1530 Aemilium,
349 1454 428 1513 velle
443 1470 478 1515 se
493 1455 532 1514 de
546 1468 623 1529 paee
638 1469 739 1529 agere.
767 1455 845 1516 XIX.
866 1454 1015 1516 Aemilius
1029 1456 1087 1518 Eu-

112 1553 204 1600 mene
223 1537 401 1613 aPergamo
423 1539 536 1611 accito,
558 1537 701 1598 adhibitis
722 1546 752 1599 et
764 1538 907 1612 Rhodiis,
929 1539 1091 1600 consilium

108 1621 225 1684 habuit.
252 1621 364 1682 Rhodii
377 1621 460 1681 haud
476 1622 635 1696 aspernari
650 1637 774 1698 pacem,
795 1623 948 1684 Eumenes
964 1638 1022 1684 nec
1035 1623 1090 1684 ho·

108 1713 231 1768 nestum
253 1719 325 1766 esse
345 1705 448 1764 dieere
466 1721 503 1764 eo
520 1711 657 1779 tempore
671 1705 712 1766 de
726 1721 803 1781 pace
817 1707 882 1781 agi,
903 1722 960 1766 nee
976 1705 1090 1769 exitum

106 1790 155 1849 rei
170 1789 285 1864 imponi
300 1803 406 1866 posse.
433 1789 508 1863 „qui
523 1787 622 1847 enim“
642 1789 739 1864 inquit
753 1797 825 1864 „aut
837 1790 967 1850 honeste
980 1791 1091 1850 inclusi

108 1873 272 1934 moenibus
294 1879 325 1932 et
344 1871 467 1932 obsessi
487 1872 572 1930 velut
590 1871 676 1946 leges
698 1873 784 1946 pacis
806 1873 1013 1947 accipiamusr
1040 1881 1093 1933 aut

109 1956 160 2016 eui
175 1962 243 2016 rata
256 1956 315 2016 ista
330 1971 391 2030 pax
406 1954 470 2026 erit,
487 1970 579 2029 quam
593 1955 661 2014 sine
676 1955 814 2028 consule,
829 1971 890 2016 non
906 1971 945 2014 ex
959 1957 1092 2016 auctori-

107 2045 173 2100 tate
200 2045 342 2112 senatus,
371 2055 433 2099 non
458 2036 547 2099 iussu
575 2038 681 2113 populi
706 2038 836 2100 Romani
863 2039 1093 2113 pepigerimusr

109 2137 229 2199 quaero
249 2123 330 2182 enirn
352 2137 428 2198 paee
448 2129 553 2196 perte
573 2123 653 2181 laeta
672 2123 866 2184 rediturusne
887 2124 1040 2196 extemplo
1062 2123 1092 2181 in

108 2206 227 2266 ltaliam
242 2207 301 2278 sis,
319 2207 450 2266 classem
465 2205 694 2282 exercitumque
708 2207 911 2281 deducturus,
927 2221 965 2266 an
980 2221 1091 2280 exspe-

110 2295 258 2363 ctaturus,
275 2290 349 2365 quid
363 2291 402 2349 de
417 2304 454 2350 ea
467 2306 502 2350 re
516 2289 636 2350 consuli
651 2291 779 2365 placeat,
795 2291 870 2366 quid
884 2297 1008 2350 senatus
1021 2305 1092 2350 cen-

109 2380 180 2436 seat
200 2380 253 2444 aut
272 2374 406 2448 populus
428 2373 553 2435 iubeatt
573 2379 669 2432 restat
683 2389 756 2448 ergo
771 2380 805 2434 ut
818 2389 945 2434 maneas
960 2373 990 2432 in
1006 2373 1092 2448 Asia,

109 2467 142 2522 et
155 2466 264 2518 rursus
278 2457 309 2516 in
324 2457 452 2517 hiberna
471 2455 581 2531 copiae
594 2455 740 2516 reductae
756 2454 872 2516 omisso
883 2457 964 2515 bollo
977 2456 1092 2515 exhau-

106 2543 190 2604 riant
201 2540 422 2604 commeatibus
433 2539 619 2616 praebendis
632 2538 752 2612 socios;
768 2537 888 2608 deinde,
902 2537 929 2598 si
941 2537 982 2597 ita
992 2539 1093 2598 visum

109 2626 152 2688 sit
165 2624 213 2698 iis,
228 2641 326 2700 penes
343 2641 422 2699 quos
438 2630 576 2699 potestas
590 2621 689 2697 luerit,
706 2621 910 2682 instauremus
925 2636 1039 2681 novum
1054 2622 1094 2680 de

109 2710 230 2786 integro
246 2709 374 2783 bellum,
392 2707 476 2783 quod
490 2723 674 2782 possumus,
691 2707 718 2766 si
735 2721 774 2766 ex
787 2705 847 2767 hoc
861 2703 977 2780 impetu
990 2719 1094 2764 rerum

107 2792 185 2854 nihil
207 2794 389 2868 prolatando
409 2789 583 2864 remittitur,
605 2797 675 2851 ante
696 2789 827 2850 hiemem
842 2788 901 2849 diis
917 2786 1093 2849 volentibus

109 2876 311 2952 perleeisse.“
344 2876 422 2937 haec
443 2874 595 2937 sententia
614 2872 702 2947 vicit,
723 2888 972 2949 responsumque
985 2871 1093 2932 Antio·

110 2960 170 3020 cho
197 2967 245 3021 est
265 2968 336 3021 ante
352 2959 489 3020 consulis
505 2961 671 3021 adventum
687 2959 726 3019 de
742 2973 820 3034 paee
841 2956 889 3033 agi
909 2973 971 3018 non
988 2971 1093 3031 posse.

108 3041 283 3105 Antiochus
304 3059 384 3120 pace
404 3042 593 3120 nequiquam
613 3050 774 3118 temptata,
798 3040 945 3102 evastatis
965 3039 1094 3099 Elaeen-

109 3127 191 3187 sium
204 3128 343 3204 primum,
359 3126 472 3189 deinde
485 3127 742 3204 Pergamenorum
756 3125 847 3202 agris,
861 3123 967 3185 relicto
983 3122 1026 3182 ibi
1038 3121 1093 3181 Se·

110 3213 200 3272 leuco
227 3210 306 3286 filio,
336 3211 570 3290 Adramytteum
598 3209 748 3274 hostiliter
775 3207 882 3270 itinere
911 3208 991 3266 iacto
1020 3205 1095 3278 petit

110 3309 218 3369 agrum
233 3297 410 3370 opulentum
426 3313 518 3372 quem
533 3303 644 3358 vocant
659 3294 780 3355 Thebes
796 3306 944 3366 campum,
961 3285 1095 3348 carmina

110 3377 237 3440 ilomeri
261 3377 462 3442 nobilitatum.
498 3396 599 3457 neque
623 3378 684 3440 alio
705 3378 768 3438 ullo
790 3377 859 3436 loco
882 3371 977 3432 Asiae
997 3369 1094 3430 maior

111 3463 204 3538 regiis
225 3462 372 3526 militibus
393 3460 481 3540 parta
499 3471 547 3525 est
566 3463 692 3540 praeda.
728 3460 837 3522 eodem
852 3457 1093 3534 Adramytteum,
