2506 3898
258 205 374 266 LIBER
388 207 535 267 XXXVII.
557 207 640 267 CAP.
652 215 697 268 41.
720 213 757 281 [a.
773 207 882 282 019⁰]
998 205 1061 273 297

77 360 155 421 xnl.
181 373 238 418 rex
259 356 380 434 ipsein
402 359 510 420 dextro
532 375 627 422 cornu
641 368 721 431 erat;
744 361 906 424 Seleucum
921 364 1016 426 fliium
1031 373 1062 426 et

77 443 272 518 Andpaoua
287 442 389 502 iratus
401 443 495 503 fliium
506 443 537 504 in
548 445 638 506 laevo
650 447 844 520 praeposuia
865 448 1063 508 madiaacies

77 527 178 587 tribus
193 526 354 601 permissa,
369 525 516 588 Minnioni
530 535 561 588 et
574 528 702 589 Zeuxidi
717 535 747 590 et
759 529 900 608 Phiiippo
914 531 1065 606 magistro

77 609 322 686 elephantorum.

165 693 283 754 Nebula
297 694 451 766 matutina,
470 702 629 756 crescente
642 694 694 756 die
706 697 806 758 levain
820 696 851 756 in
865 697 974 771 nubes,
990 697 1063 758 caii·

77 778 181 852 ginem
194 777 292 849 dadin
316 777 427 839 humor
437 777 517 854 inde,
530 778 568 839 ab
580 787 685 840 austro
695 779 787 853 velut,
803 781 939 855 pemudit
951 781 1064 841 omnia.

80 877 163 936 quae
177 859 249 920 riihii
265 861 431 923 admodum
446 862 608 934 Romania,
625 863 733 924 eadem
747 865 1000 938 perincommoda
1014 879 1064 924 re-

77 945 142 1020 giis
155 950 251 1004 erant
278 961 349 1004 nunc
364 951 394 1006 et
409 943 583 1008 ebionitae
596 946 675 1006 lucis
689 946 719 1006 in
735 947 802 1007 acie
815 947 938 1008 medies
951 947 1063 1008 Roma·

78 1030 127 1089 nis
144 1045 207 1088 non
228 1028 379 1089 adimebat
393 1029 423 1088 in
439 1029 540 1092 omnis
553 1037 657 1105 porus
673 1038 888 1106 conspectum,
910 1039 941 1091 et
953 1030 1066 1090 bumor

77 1119 146 1173 toto
175 1113 241 1172 iere
260 1112 346 1186 mavi
365 1120 482 1175 armatu
502 1111 577 1172 nihii
595 1113 716 1188 gladios
736 1120 789 1174 aut
809 1115 870 1190 pilu
885 1114 1065 1174 hebetabat:

77 1195 156 1270 regii
175 1205 239 1257 um
258 1197 319 1255 iate
340 1196 406 1256 acie
428 1212 468 1258 nc
483 1209 522 1256 ex
542 1197 644 1257 nediu
665 1197 788 1272 quidem
804 1208 921 1258 cornua
936 1211 993 1257 sua
1007 1197 1064 1257 cir·

80 1279 274 1354 cumspicere
296 1287 449 1354 poteraut,
471 1281 584 1340 nedum
604 1281 732 1342 extremi
752 1283 831 1342 inter
850 1297 885 1342 se
904 1279 1064 1356 conspice-

78 1369 200 1436 rentur,
224 1368 254 1421 et
273 1362 382 1424 humor
401 1379 494 1424 meos
514 1365 689 1440 fundasque
708 1371 741 1425 et
754 1364 923 1426 iaculorum
944 1370 1065 1424 amenta

79 1447 259 1508 emollierat.
288 1447 418 1507 immine
433 1462 560 1523 quoque
574 1449 751 1524 quadrigae,
769 1447 880 1525 quibus
895 1464 931 1509 se
947 1454 1063 1524 pertur-

79 1532 224 1592 baturum
237 1528 372 1590 hostium
386 1531 482 1591 aciem
494 1532 666 1593 Antiochus
681 1532 860 1607 crediderat,
875 1534 906 1592 in
918 1547 992 1592 suos
1004 1538 1068 1590 ten·

81 1629 185 1675 rorem
200 1619 365 1674 verterunt.
388 1623 523 1676 armatae
536 1623 637 1676 autem
651 1617 681 1675 in
697 1617 779 1676 hunc
793 1617 925 1676 maxime
939 1615 1066 1676 modum

84 1703 186 1758 eram:
205 1697 352 1771 cuspides
369 1696 452 1757 eirea
465 1705 618 1758 temonem
633 1700 672 1759 ab
686 1699 758 1774 iugo
773 1700 880 1760 decem
895 1697 997 1759 cubita
1011 1713 1059 1758 ex·

84 1781 194 1844 stantis
214 1781 298 1841 velet
318 1796 434 1842 cornua
453 1781 622 1856 habebant,
645 1783 757 1857 quibus
776 1779 925 1857 quidquid
940 1781 1066 1843 obvium

83 1864 445 1940 dareturtraneiigercut.
468 1865 539 1924 etin
551 1867 694 1926 extremis
706 1864 786 1940 iugis
797 1864 888 1928 binae
899 1865 981 1924 circa
992 1863 1066 1924 emi·

83 1949 198 2009 nebant
209 1947 314 2023 iaicas,
329 1955 461 2024 aequata
473 1947 544 2024 iugo
557 1950 659 2021 altera,
674 1947 769 2010 altera
779 1948 904 2008 inferior
914 1949 944 2007 in
955 1955 1063 2007 terren.

84 2035 221 2107 devexa,
240 2031 292 2091 ille
310 2035 345 2092 ut
366 2032 516 2107 quidquid
536 2033 574 2092 ab
588 2033 683 2093 latere
697 2027 869 2093 obiceretur
883 2031 1068 2100 abscideret,

84 2117 162 2177 haee
178 2122 212 2178 ut
224 2117 390 2192 prolapsos
405 2115 628 2192 subeuntisque
647 2116 844 2192 confingeret.
866 2114 937 2176 item
948 2113 987 2174 eb
1001 2113 1066 2173 axi·

83 2203 143 2262 bus
163 2205 300 2260 rotarum
319 2201 472 2274 utrimque
491 2199 582 2260 binae
601 2201 711 2260 eodem
725 2199 819 2261 modo
833 2199 976 2260 divemee
991 2195 1065 2257 deli-

84 2285 235 2360 gabantur
246 2283 352 2344 falces.
373 2284 420 2344 sic
430 2290 562 2344 armatas
576 2281 749 2358 quadrigae,
766 2283 877 2358 quiesi
887 2284 918 2343 in
930 2288 1069 2343 extremo

86 2369 184 2430 autin
205 2368 307 2429 medio
328 2369 448 2428 iocoue
463 2367 577 2439 iurent,
599 2381 655 2440 per
670 2381 746 2426 suos
761 2367 899 2440 mendae
913 2372 1014 2438 erant,
1036 2366 1068 2422 in

86 2452 186 2528 prium
207 2449 289 2526 acie,
309 2459 344 2512 ut
359 2449 556 2512 antedictum
571 2455 634 2521 est,
653 2448 809 2508 locaverat
821 2463 886 2507 rex.
918 2447 1001 2521 quod
1015 2447 1068 2505 ubi

84 2536 240 2596 Eumenes
264 2534 354 2608 vidit,
376 2533 461 2595 haud
480 2533 605 2608 ignauus
625 2545 761 2606 pugnae,
788 2538 818 2590 et
840 2542 931 2604 qnam
952 2543 1071 2601 anceps

87 2626 173 2680 esset
186 2617 292 2678 euxifii
306 2634 421 2693 genus,
440 2617 467 2678 si
483 2619 552 2692 quis
567 2631 714 2692 pavorem
728 2613 826 2689 magis
841 2613 930 2688 equis
944 2611 1072 2671 iniceret,

87 2719 182 2779 quam
195 2701 276 2762 iuste
290 2702 462 2764 adoriretur
475 2715 588 2776 pugno,
604 2699 765 2760 Cretenses
780 2695 954 2772 sagittarios
969 2693 1069 2755 sundi-

87 2795 236 2862 toresque
246 2792 277 2846 et
287 2786 471 2848 iaculatores
478 2783 511 2824 **
519 2781 653 2860 equitum
665 2798 727 2844 non
739 2782 895 2843 coniectos
909 2780 964 2841 sed
977 2793 1072 2855 quam

87 2871 220 2931 maxime
234 2877 365 2945 possem
378 2869 539 2944 dispersos
553 2877 717 2930 excurrere
729 2865 822 2940 iubet,
837 2872 868 2926 ct
877 2877 916 2925 ex
928 2863 1073 2926 omnibus

89 2955 179 3016 simoi
200 2955 338 3030 pariibus
359 2955 420 3014 teia
438 2953 588 3029 ingerere.
621 2952 700 3012 baec
713 2952 797 3012 reiut
810 2949 947 3026 procella
960 2948 1073 3024 partim

87 3037 267 3100 vulneribus
287 3037 449 3099 missilium
462 3035 598 3112 undique
612 3036 820 3096 coniectorum
835 3032 944 3109 partim
959 3035 1071 3092 clamo·

87 3121 174 3183 ribus
196 3121 332 3184 dissenis
356 3121 397 3182 ite
419 3118 627 3183 consternavit
646 3131 761 3194 equos,
789 3125 821 3178 ut
841 3123 969 3193 reponte
989 3114 1073 3173 velut

88 3205 229 3268 effrenati
251 3205 369 3281 passim
390 3206 505 3266 incerto
526 3215 619 3264 eursu
639 3203 805 3271 merentum
827 3211 959 3276 quorum
976 3199 1071 3272 impe-

89 3296 139 3351 ius
154 3297 185 3351 et
205 3289 282 3350 levis
304 3292 458 3350 mmstuia
472 3295 502 3348 ct
515 3281 650 3363 expediti
664 3286 834 3346 traditores
849 3290 880 3343 et
892 3284 986 3343 velox
1001 3280 1073 3340 cre·

89 3375 188 3435 tensis
195 3381 357 3436 momento
372 3373 579 3441 declinatione
602 3377 632 3432 et
645 3379 743 3446 eques
758 3366 951 3442 insequendo
963 3364 1073 3425 tumui-

89 3465 153 3518 tum
168 3473 207 3519 ec
221 3471 369 3534 pavorem
384 3457 474 3534 equis
487 3455 683 3526 canalisque,
699 3451 819 3528 stipsis
835 3451 1074 3512 simulconster-
