2480 3904
231 251 346 314 Llltlllt
357 251 479 314 XXXV.
502 250 695 314 cAP.1a.1o.
719 259 755 326 [a.
768 258 874 327 0.193]
985 255 1048 319 189

77 403 181 481 regiam
205 404 316 474 tenuit;
344 405 528 480 legatusque
546 404 704 466 Romanus
725 419 764 464 ne
785 405 886 466 alieno
907 412 1046 483 tempore

77 487 275 549 incommodus
283 488 508 564 obversaretur,
515 486 694 564 Pergamum
702 489 866 550 concessit.
881 489 1043 566 reprhe-

77 587 137 634 sum
150 573 263 634 omisso
279 573 364 648 quod
378 571 575 634 inchoaverat
589 573 669 634 bello
683 573 772 636 redit.
804 572 846 633 ibi
860 589 917 649 per
931 575 1046 636 luctum

76 656 152 732 regia
164 658 267 718 clausa
282 672 353 719 cum
365 656 522 719 Minnione
537 658 686 734 quodam,
703 657 754 732 qui
769 656 915 734 princeps
930 657 1044 718 amico·

75 756 133 802 rum
152 741 216 802 eius
237 749 318 815 crat,
341 747 461 802 secreta
481 742 610 803 consilia
623 741 756 818 agitavit.
787 740 904 805 Minnio
919 742 1045 819 ignarus

75 826 197 886 omnium
217 832 427 901 externorum,
451 825 593 903 viresque
613 826 780 887 aestimans
798 827 882 902 regis
897 843 936 888 ex
950 827 1044 888 rebus

75 907 196 988 insyria
211 915 263 972 aut
271 909 349 971 Asia
360 910 465 986 gestis,
481 907 544 972 non
556 927 652 971 causa
662 910 756 972 modo
768 910 959 985 superiorem
971 926 1045 974 esse

75 994 261 1069 Antiochum,
287 995 372 1072 quod
397 993 471 1054 nihil
491 995 584 1071 aequi
605 996 797 1070 postularent
815 995 960 1069 Romani,
987 995 1045 1057 sed

75 1077 144 1138 bello
164 1094 288 1155 quoque
309 1084 526 1155 superaturum
541 1079 695 1141 credebat.
723 1077 849 1154 rugienti
863 1080 929 1154 regi
943 1080 1044 1141 disce-

73 1161 226 1236 ptationem
247 1179 318 1224 cum
335 1163 461 1238 legatis,
485 1179 542 1226 seu
555 1164 615 1223 iam
629 1169 758 1239 experto
774 1177 843 1224 eam
856 1165 956 1224 minus
972 1180 1043 1240 pro-

74 1261 184 1320 speram
204 1263 262 1308 seu
282 1261 423 1308 maerore
443 1249 563 1310 recenti·
580 1248 726 1321 confuso,
747 1249 911 1324 protessus
927 1247 1043 1310 Minnio

73 1345 103 1389 se
114 1347 189 1406 quae
202 1347 261 1409 pro
277 1347 374 1393 causa
387 1340 495 1394 essent
510 1333 661 1393 dicturum
675 1329 839 1408 persuasit,
854 1339 888 1394 ut
902 1348 921 1392 a
933 1331 1043 1408 Perga-

73 1429 114 1476 mo
127 1422 356 1478 arcesserentur
367 1416 467 1492 legati.
488 1417 568 1478 xvi.
590 1415 651 1476 iam
662 1417 860 1481 convaluerat
871 1415 1044 1493 Sulpicium

73 1499 163 1575 itaque
181 1499 274 1562 ambo
295 1500 455 1577 Ephesum
474 1507 632 1561 venerunt.
664 1515 721 1562 rex
741 1500 929 1562 aMInnione
950 1515 1043 1562 excu-

72 1589 162 1660 satus,
182 1592 213 1647 et
234 1587 366 1647 absente
386 1601 424 1648 eo
445 1583 496 1660 agi
515 1601 567 1645 res
587 1591 699 1661 coepta
712 1591 769 1645 est.
801 1583 844 1645 ibi
858 1593 1045 1660 praeparata

72 1669 197 1731 oratione
205 1669 324 1731 Minnio
339 1671 506 1746 „specioso
517 1668 625 1732 titulo“
639 1670 739 1745 inquit
751 1669 814 1743 „uti
826 1685 892 1745 vos,
903 1669 1044 1745 Romani,

72 1751 244 1816 Graecarum
281 1753 447 1816 civitatium
477 1753 703 1814 liberandarum
730 1753 838 1814 video:
878 1753 936 1815 sed
963 1755 1045 1815 lacta

72 1844 163 1898 vestra
183 1839 315 1900 orationi
335 1853 398 1898 non
420 1837 622 1908 conveniunt;
645 1846 675 1898 et
695 1836 778 1897 aliud
793 1838 947 1900 Antiocho
968 1838 1043 1899 iuris

72 1922 223 1998 statuistis,
251 1923 312 1988 alio
334 1923 395 2001 ipsi
419 1922 546 1984 utimini.
583 1921 636 1998 qui
655 1921 735 1981 enim
759 1922 858 1996 magis
882 1921 1043 2001 Smyrnaei
1096 1917 1101 1928 “

70 2003 325 2084 Lampsacenique
346 2007 455 2068 Graeci
475 2014 548 2068 sunt
567 2022 657 2082 quam
678 2005 870 2080 Neapolitani
892 2013 922 2066 et
935 2004 1042 2082 Regini

71 2097 95 2148 et
104 2091 264 2167 Tarentini,
278 2107 298 2152 a
313 2091 425 2166 quibus
440 2091 636 2169 stipendium,
652 2089 795 2166 aquibus
813 2106 909 2151 naves
924 2105 964 2150 ex
978 2091 1043 2151 loe·

70 2172 132 2235 dere
145 2177 290 2253 exigitis?
311 2192 366 2237 cur
379 2175 554 2256 Syracusas
568 2183 660 2252 atque
674 2174 704 2234 in
720 2175 796 2236 alias
811 2173 934 2236 Siciliae
950 2175 1042 2236 Grae-

71 2271 115 2318 cas
133 2261 227 2323 urbes
250 2267 424 2336 praetorem
445 2261 609 2337 quotannis
632 2276 700 2320 oum
715 2259 844 2336 imperio
860 2267 890 2321 et
904 2259 998 2335 virgis
1013 2267 1044 2320 et

69 2345 218 2406 securibus
234 2345 373 2406 mittitis?
393 2345 467 2406 nihil
478 2344 562 2406 aliud
572 2345 712 2420 proiecto
725 2343 833 2406 dicatis
847 2360 937 2420 quam
949 2343 1042 2405 armis

68 2431 208 2502 superatis
222 2446 283 2491 vos
296 2429 333 2490 iis
344 2430 402 2490 has
413 2431 499 2505 leges
510 2426 707 2506 imposuisse.
723 2427 852 2488 eandem
862 2429 901 2487 de
909 2427 1044 2506 Smyrna

67 2507 228 2590 harupsaco
256 2513 492 2589 civitatibusque
514 2529 594 2590 quae
613 2511 719 2572 Ioniae
738 2517 791 2571 aut
810 2511 950 2572 Aeolidis
971 2518 1043 2571 sunl

66 2607 181 2658 causam
193 2597 234 2660 ab
244 2597 398 2660 Antiocho
410 2597 549 2673 accipite.
566 2597 647 2657 bello
659 2601 821 2670 superatas
834 2611 852 2654 a
863 2593 1042 2668 maioribus,

66 2679 274 2756 stipendiarias
295 2698 331 2743 ac
345 2681 512 2756 vectigales
528 2682 626 2742 lactas
640 2681 672 2740 in
686 2677 844 2754 antiquum
858 2678 907 2738 ius
922 2678 1042 2754 repetit.

64 2761 158 2840 itaque
178 2765 221 2827 ad
241 2765 319 2827 haec
341 2767 369 2826 ei
381 2760 567 2842 responderi
587 2765 693 2838 velim,
714 2762 742 2824 si
763 2779 804 2826 ex
825 2778 926 2840 aequo
942 2762 1042 2824 disce-

65 2853 157 2919 ptatur
180 2858 213 2910 et
237 2866 301 2912 non
326 2850 399 2912 belli
425 2865 520 2912 eausa
545 2850 730 2926 quaeritur.“
765 2848 806 2908 ad
827 2863 865 2908 ea
886 2846 1041 2924 Sulpicius

64 2932 148 3004 „lecit
170 2935 370 2996 verecunde‘
394 2933 494 3009 inquit
516 2934 725 3010 „Antiochus,
750 2933 818 3008 qui,
844 2931 871 2993 si
897 2933 957 2994 ulia
983 2949 1041 3009 pro

64 3029 151 3078 causa
177 3019 247 3080 eius
273 3036 336 3081 non
363 3025 449 3079 erant
475 3035 556 3094 quae
582 3019 769 3092 dicerentur,
796 3017 963 3092 quemlibet
982 3019 1043 3078 ista

63 3115 148 3174 quam
163 3120 201 3164 se
216 3102 320 3165 dicere
334 3101 449 3165 maluit.
472 3102 547 3179 quid
561 3102 641 3164 enim
656 3100 754 3162 simile
769 3101 862 3162 habet
876 3099 1042 3163 civitatium

63 3197 160 3248 earum
176 3204 258 3264 quas
270 3187 458 3264 comparasti
470 3193 585 3248 causat
605 3187 644 3247 ab
654 3186 779 3262 Reginis
792 3191 822 3245 ct
832 3184 1041 3260 Neapolitanis

63 3274 89 3327 et
106 3271 295 3350 Tarentinis,
322 3290 362 3334 ex
376 3281 447 3349 ‚quo
468 3271 499 3332 in
519 3277 656 3334 nostram
677 3275 827 3332 venerunt
848 3273 1040 3344 potestatem,

62 3366 116 3414 uno
132 3364 162 3417 et
177 3364 329 3434 perpetuo
344 3365 452 3420 tenore
466 3357 551 3432 iuris,
566 3371 690 3431 semper
699 3360 858 3429 usurpato,
875 3367 1040 3428 numquam
1077 3365 1081 3372 ·

62 3433 246 3515 intermisso,
273 3457 354 3520 quae
375 3459 415 3502 ex
435 3441 561 3503 loedere
582 3439 696 3501 debent
715 3438 876 3512 exigimus.
910 3444 1041 3513 potesne

62 3524 179 3586 tandem
202 3524 320 3604 dicere,
341 3534 375 3588 ut
394 3527 414 3586 ii
437 3524 541 3603 populi
562 3540 624 3585 non
645 3538 701 3599 per
722 3536 772 3596 se,
793 3536 855 3582 non
875 3537 934 3598 per
948 3521 1041 3583 ulium
