<?xml version="1.0" encoding="UTF-8"?>
<!DOCTYPE html PUBLIC "-//W3C//DTD XHTML 1.0 Transitional//EN"
    "http://www.w3.org/TR/xhtml1/DTD/xhtml1-transitional.dtd">
<html xmlns="http://www.w3.org/1999/xhtml" xml:lang="en" lang="en">
 <head>
  <title>
</title>
<meta http-equiv="Content-Type" content="text/html;charset=utf-8" />
  <meta name='ocr-system' content='tesseract 3.04.00' />
  <meta name='ocr-capabilities' content='ocr_page ocr_carea ocr_par ocr_line ocrx_word'/>
</head>
<body>
  <div class='ocr_page' id='page_1' title='image "./titiliviaburbec08livygoog_0080.png"; bbox 0 0 2482 3900; ppageno 0'>
   <div class='ocr_carea' id='block_1_1' title="bbox 310 178 1081 254">
    <p class='ocr_par' dir='ltr' id='par_1_1' title="bbox 310 178 1081 254">
     <span class='ocr_line' id='line_1_1' title="bbox 310 178 1081 254; baseline 0.014 -17"><span class='ocrx_word' id='word_1_1' title='bbox 310 178 426 246; x_wconf 86' lang='lat' dir='ltr'><strong>LIBER</strong></span> <span class='ocrx_word' id='word_1_2' title='bbox 438 179 556 240; x_wconf 86' lang='lat' dir='ltr'>XXXII.</span> <span class='ocrx_word' id='word_1_3' title='bbox 580 181 699 242; x_wconf 82' lang='lat' dir='ltr'><strong>CAP.7.</strong></span> <span class='ocrx_word' id='word_1_4' title='bbox 722 188 758 254; x_wconf 81' lang='lat' dir='ltr'>[a.</span> <span class='ocrx_word' id='word_1_5' title='bbox 772 189 803 238; x_wconf 84' lang='lat' dir='ltr'>C.</span> <span class='ocrx_word' id='word_1_6' title='bbox 818 188 879 254; x_wconf 73' lang='lat'>199]</span> <span class='ocrx_word' id='word_1_7' title='bbox 1042 183 1081 248; x_wconf 67' lang='lat' dir='ltr'>{tl</span> 
     </span>
    </p>
   </div>
   <div class='ocr_carea' id='block_1_2' title="bbox 92 330 1083 1496">
    <p class='ocr_par' dir='ltr' id='par_1_2' title="bbox 93 330 1083 1064">
     <span class='ocr_line' id='line_1_2' title="bbox 101 330 1081 409; baseline 0.004 -16"><span class='ocrx_word' id='word_1_8' title='bbox 101 334 279 394; x_wconf 84' lang='lat' dir='ltr'>castrorum</span> <span class='ocrx_word' id='word_1_9' title='bbox 304 330 488 406; x_wconf 89' lang='lat' dir='ltr'>portorium,</span> <span class='ocrx_word' id='word_1_10' title='bbox 517 331 630 406; x_wconf 88' lang='lat' dir='ltr'>quoin</span> <span class='ocrx_word' id='word_1_11' title='bbox 652 332 721 391; x_wconf 91' lang='lat' dir='ltr'>loco</span> <span class='ocrx_word' id='word_1_12' title='bbox 743 347 824 392; x_wconf 91' lang='lat' dir='ltr'>nunc</span> <span class='ocrx_word' id='word_1_13' title='bbox 851 333 999 407; x_wconf 92' lang='lat' dir='ltr'>oppidum</span> <span class='ocrx_word' id='word_1_14' title='bbox 1025 344 1081 409; x_wconf 89' lang='lat' dir='ltr'>est,</span> 
     </span>
     <span class='ocr_line' id='line_1_3' title="bbox 98 415 1083 489; baseline 0 -11"><span class='ocrx_word' id='word_1_15' title='bbox 98 417 265 478; x_wconf 80' lang='lat' dir='ltr'>fruendum</span> <span class='ocrx_word' id='word_1_16' title='bbox 287 417 443 484; x_wconf 82' lang='lat' dir='ltr'>locarunt;</span> <span class='ocrx_word' id='word_1_17' title='bbox 476 415 668 489; x_wconf 84' lang='lat' dir='ltr'>colonosque</span> <span class='ocrx_word' id='word_1_18' title='bbox 686 430 723 474; x_wconf 91' lang='lat' dir='ltr'>co</span> <span class='ocrx_word' id='word_1_19' title='bbox 739 421 891 475; x_wconf 88' lang='lat' dir='ltr'>trecentos</span> <span class='ocrx_word' id='word_1_20' title='bbox 904 448 947 460; x_wconf 86' lang='lat'><strong>—</strong></span> <span class='ocrx_word' id='word_1_21' title='bbox 960 419 987 478; x_wconf 95' lang='lat' dir='ltr'>is</span> <span class='ocrx_word' id='word_1_22' title='bbox 1003 420 1083 478; x_wconf 91' lang='lat' dir='ltr'>enim</span> 
     </span>
     <span class='ocr_line' id='line_1_4' title="bbox 98 498 1082 575; baseline 0.002 -14"><span class='ocrx_word' id='word_1_23' title='bbox 98 517 247 562; x_wconf 90' lang='lat' dir='ltr'>numerus</span> <span class='ocrx_word' id='word_1_24' title='bbox 268 499 372 560; x_wconf 86' lang='lat' dir='ltr'>finitus</span> <span class='ocrx_word' id='word_1_25' title='bbox 393 498 433 559; x_wconf 92' lang='lat' dir='ltr'>ab</span> <span class='ocrx_word' id='word_1_26' title='bbox 455 506 564 559; x_wconf 88' lang='lat' dir='ltr'>senatu</span> <span class='ocrx_word' id='word_1_27' title='bbox 582 499 958 575; x_wconf 87' lang='lat' dir='ltr'>erat—adscripserunt,</span> <span class='ocrx_word' id='word_1_28' title='bbox 979 508 1009 562; x_wconf 91' lang='lat' dir='ltr'>et</span> <span class='ocrx_word' id='word_1_29' title='bbox 1023 503 1082 563; x_wconf 90' lang='lat' dir='ltr'>sub</span> 
     </span>
     <span class='ocr_line' id='line_1_5' title="bbox 95 581 1081 662; baseline -0.001 -17"><span class='ocrx_word' id='word_1_30' title='bbox 95 585 203 645; x_wconf 85' lang='lat' dir='ltr'>Tifatis</span> <span class='ocrx_word' id='word_1_31' title='bbox 219 583 345 658; x_wconf 84' lang='lat' dir='ltr'>Capuae</span> <span class='ocrx_word' id='word_1_32' title='bbox 364 598 471 658; x_wconf 74' lang='lat' dir='ltr'>agrum</span> <span class='ocrx_word' id='word_1_33' title='bbox 490 582 702 642; x_wconf 85' lang='lat' dir='ltr'>vendiderunt.</span> <span class='ocrx_word' id='word_1_34' title='bbox 736 581 794 642; x_wconf 92' lang='lat' dir='ltr'>sub</span> <span class='ocrx_word' id='word_1_35' title='bbox 815 582 897 644; x_wconf 89' lang='lat' dir='ltr'>idem</span> <span class='ocrx_word' id='word_1_36' title='bbox 910 591 1032 662; x_wconf 89' lang='lat' dir='ltr'>tempus</span> <span class='ocrx_word' id='word_1_37' title='bbox 1046 587 1081 646; x_wconf 89' lang='lat' dir='ltr'>L.</span> 
     </span>
     <span class='ocr_line' id='line_1_6' title="bbox 93 665 1081 742; baseline 0.001 -14"><span class='ocrx_word' id='word_1_38' title='bbox 93 669 229 730; x_wconf 86' lang='lat' dir='ltr'>Manlius</span> <span class='ocrx_word' id='word_1_39' title='bbox 244 667 393 728; x_wconf 79' lang='lat' dir='ltr'><strong>Acidinus</strong></span> <span class='ocrx_word' id='word_1_40' title='bbox 415 681 455 726; x_wconf 86' lang='lat' dir='ltr'>ex</span> <span class='ocrx_word' id='word_1_41' title='bbox 468 665 616 742; x_wconf 78' lang='lat' dir='ltr'><strong>Hispania</strong></span> <span class='ocrx_word' id='word_1_42' title='bbox 637 665 807 740; x_wconf 82' lang='lat' dir='ltr'>decedens,</span> <span class='ocrx_word' id='word_1_43' title='bbox 829 666 1000 742; x_wconf 90' lang='lat' dir='ltr'>prohibitus</span> <span class='ocrx_word' id='word_1_44' title='bbox 1016 686 1034 729; x_wconf 89' lang='lat' dir='ltr'>a</span> <span class='ocrx_word' id='word_1_45' title='bbox 1047 669 1081 729; x_wconf 88' lang='lat' dir='ltr'>P.</span> 
     </span>
     <span class='ocr_line' id='line_1_7' title="bbox 94 749 1081 826; baseline 0 -14"><span class='ocrx_word' id='word_1_46' title='bbox 94 753 206 814; x_wconf 89' lang='lat' dir='ltr'>Porcio</span> <span class='ocrx_word' id='word_1_47' title='bbox 221 751 322 812; x_wconf 87' lang='lat' dir='ltr'>Laeca</span> <span class='ocrx_word' id='word_1_48' title='bbox 340 751 463 812; x_wconf 74' lang='lat' dir='ltr'>anduno</span> <span class='ocrx_word' id='word_1_49' title='bbox 485 750 600 825; x_wconf 87' lang='lat' dir='ltr'>plebis,</span> <span class='ocrx_word' id='word_1_50' title='bbox 623 764 662 808; x_wconf 85' lang='lat' dir='ltr'>ne</span> <span class='ocrx_word' id='word_1_51' title='bbox 684 767 781 810; x_wconf 88' lang='lat' dir='ltr'>ovans</span> <span class='ocrx_word' id='word_1_52' title='bbox 801 749 929 826; x_wconf 79' lang='lat' dir='ltr'><strong>rediret,</strong></span> <span class='ocrx_word' id='word_1_53' title='bbox 952 768 1020 814; x_wconf 90' lang='lat' dir='ltr'>cum</span> <span class='ocrx_word' id='word_1_54' title='bbox 1042 753 1081 814; x_wconf 91' lang='lat' dir='ltr'>ab</span> 
     </span>
     <span class='ocr_line' id='line_1_8' title="bbox 95 834 1079 910; baseline 0.001 -13"><span class='ocrx_word' id='word_1_55' title='bbox 95 842 207 897; x_wconf 88' lang='lat' dir='ltr'>senatu</span> <span class='ocrx_word' id='word_1_56' title='bbox 227 835 437 910; x_wconf 85' lang='lat' dir='ltr'>impetrasset,</span> <span class='ocrx_word' id='word_1_57' title='bbox 460 834 596 908; x_wconf 87' lang='lat' dir='ltr'>privatus</span> <span class='ocrx_word' id='word_1_58' title='bbox 617 834 724 894; x_wconf 87' lang='lat' dir='ltr'>urbem</span> <span class='ocrx_word' id='word_1_59' title='bbox 738 835 914 910; x_wconf 80' lang='lat' dir='ltr'>ingrediens</span> <span class='ocrx_word' id='word_1_60' title='bbox 929 837 1010 898; x_wconf 92' lang='lat' dir='ltr'>mille</span> <span class='ocrx_word' id='word_1_61' title='bbox 1025 837 1079 898; x_wconf 92' lang='lat' dir='ltr'>du-</span> 
     </span>
     <span class='ocr_line' id='line_1_9' title="bbox 95 917 1080 995; baseline 0 -15"><span class='ocrx_word' id='word_1_62' title='bbox 95 927 187 980; x_wconf 84' lang='lat' dir='ltr'><strong>centa</strong></span> <span class='ocrx_word' id='word_1_63' title='bbox 208 919 314 995; x_wconf 88' lang='lat' dir='ltr'>pondo</span> <span class='ocrx_word' id='word_1_64' title='bbox 335 917 468 993; x_wconf 74' lang='lat' dir='ltr'>argenti,</span> <span class='ocrx_word' id='word_1_65' title='bbox 491 917 613 992; x_wconf 80' lang='lat' dir='ltr'>triginta</span> <span class='ocrx_word' id='word_1_66' title='bbox 631 919 737 994; x_wconf 91' lang='lat' dir='ltr'>pondo</span> <span class='ocrx_word' id='word_1_67' title='bbox 758 918 853 978; x_wconf 80' lang='lat' dir='ltr'>ferme</span> <span class='ocrx_word' id='word_1_68' title='bbox 868 919 933 980; x_wconf 88' lang='lat' dir='ltr'>auri</span> <span class='ocrx_word' id='word_1_69' title='bbox 949 921 978 980; x_wconf 92' lang='lat' dir='ltr'>in</span> <span class='ocrx_word' id='word_1_70' title='bbox 994 936 1080 980; x_wconf 90' lang='lat' dir='ltr'>aera·</span> 
     </span>
     <span class='ocr_line' id='line_1_10' title="bbox 95 1003 268 1064; baseline -0.012 -2"><span class='ocrx_word' id='word_1_71' title='bbox 95 1005 176 1064; x_wconf 93' lang='lat' dir='ltr'>rium</span> <span class='ocrx_word' id='word_1_72' title='bbox 191 1003 268 1064; x_wconf 87' lang='lat' dir='ltr'>tulit.</span> 
     </span>
    </p>

    <p class='ocr_par' dir='ltr' id='par_1_3' title="bbox 92 1084 1078 1496">
     <span class='ocr_line' id='line_1_11' title="bbox 180 1084 1078 1160; baseline 0.002 -13"><span class='ocrx_word' id='word_1_73' title='bbox 180 1087 300 1148; x_wconf 85' lang='lat' dir='ltr'>Eodem</span> <span class='ocrx_word' id='word_1_74' title='bbox 314 1101 395 1146; x_wconf 87' lang='lat' dir='ltr'>anno</span> <span class='ocrx_word' id='word_1_75' title='bbox 412 1085 463 1146; x_wconf 82' lang='lat' dir='ltr'>Cn.</span> <span class='ocrx_word' id='word_1_76' title='bbox 481 1084 614 1144; x_wconf 80' lang='lat' dir='ltr'><strong>Baebius</strong></span> <span class='ocrx_word' id='word_1_77' title='bbox 629 1085 822 1160; x_wconf 86' lang='lat' dir='ltr'><strong>Tamphilus,</strong></span> <span class='ocrx_word' id='word_1_78' title='bbox 845 1087 897 1160; x_wconf 85' lang='lat' dir='ltr'>qui</span> <span class='ocrx_word' id='word_1_79' title='bbox 912 1087 950 1146; x_wconf 89' lang='lat' dir='ltr'>ab</span> <span class='ocrx_word' id='word_1_80' title='bbox 968 1086 998 1146; x_wconf 85' lang='lat' dir='ltr'>C.</span> <span class='ocrx_word' id='word_1_81' title='bbox 1014 1090 1078 1149; x_wconf 87' lang='lat' dir='ltr'>Au-</span> 
     </span>
     <span class='ocr_line' id='line_1_12' title="bbox 92 1167 1078 1246; baseline 0.003 -17"><span class='ocrx_word' id='word_1_82' title='bbox 92 1173 170 1230; x_wconf 89' lang='lat' dir='ltr'>relio</span> <span class='ocrx_word' id='word_1_83' title='bbox 189 1171 317 1231; x_wconf 90' lang='lat' dir='ltr'>consule</span> <span class='ocrx_word' id='word_1_84' title='bbox 334 1169 408 1229; x_wconf 88' lang='lat' dir='ltr'>anni</span> <span class='ocrx_word' id='word_1_85' title='bbox 428 1168 541 1244; x_wconf 90' lang='lat' dir='ltr'>prioris</span> <span class='ocrx_word' id='word_1_86' title='bbox 558 1167 749 1242; x_wconf 87' lang='lat' dir='ltr'>provinciam</span> <span class='ocrx_word' id='word_1_87' title='bbox 766 1169 892 1228; x_wconf 89' lang='lat' dir='ltr'>Galliam</span> <span class='ocrx_word' id='word_1_88' title='bbox 906 1179 1078 1246; x_wconf 85' lang='lat' dir='ltr'>acceperat,</span> 
     </span>
     <span class='ocr_line' id='line_1_13' title="bbox 92 1249 1078 1328; baseline 0.001 -14"><span class='ocrx_word' id='word_1_89' title='bbox 92 1263 211 1315; x_wconf 90' lang='lat' dir='ltr'>temere</span> <span class='ocrx_word' id='word_1_90' title='bbox 220 1255 381 1328; x_wconf 77' lang='lat' dir='ltr'>ingressus</span> <span class='ocrx_word' id='word_1_91' title='bbox 394 1252 549 1313; x_wconf 83' lang='lat' dir='ltr'>Gallorum</span> <span class='ocrx_word' id='word_1_92' title='bbox 560 1251 723 1312; x_wconf 90' lang='lat' dir='ltr'>Insubrum</span> <span class='ocrx_word' id='word_1_93' title='bbox 738 1249 808 1312; x_wconf 85' lang='lat' dir='ltr'>finis</span> <span class='ocrx_word' id='word_1_94' title='bbox 824 1268 922 1327; x_wconf 91' lang='lat' dir='ltr'>prope</span> <span class='ocrx_word' id='word_1_95' title='bbox 934 1269 1003 1312; x_wconf 91' lang='lat' dir='ltr'>cum</span> <span class='ocrx_word' id='word_1_96' title='bbox 1015 1261 1078 1315; x_wconf 88' lang='lat' dir='ltr'>tolo</span> 
     </span>
     <span class='ocr_line' id='line_1_14' title="bbox 93 1336 1078 1412; baseline 0.001 -15"><span class='ocrx_word' id='word_1_97' title='bbox 93 1339 234 1398; x_wconf 87' lang='lat' dir='ltr'>exercitu</span> <span class='ocrx_word' id='word_1_98' title='bbox 254 1344 301 1397; x_wconf 90' lang='lat' dir='ltr'>est</span> <span class='ocrx_word' id='word_1_99' title='bbox 315 1338 558 1405; x_wconf 88' lang='lat' dir='ltr'>circumventus;</span> <span class='ocrx_word' id='word_1_100' title='bbox 581 1351 677 1410; x_wconf 91' lang='lat' dir='ltr'>supra</span> <span class='ocrx_word' id='word_1_101' title='bbox 691 1351 749 1395; x_wconf 89' lang='lat' dir='ltr'>sex</span> <span class='ocrx_word' id='word_1_102' title='bbox 763 1336 845 1396; x_wconf 88' lang='lat' dir='ltr'>milia</span> <span class='ocrx_word' id='word_1_103' title='bbox 859 1343 890 1396; x_wconf 90' lang='lat' dir='ltr'>et</span> <span class='ocrx_word' id='word_1_104' title='bbox 904 1337 1078 1412; x_wconf 83' lang='lat' dir='ltr'>septingen-</span> 
     </span>
     <span class='ocr_line' id='line_1_15' title="bbox 93 1420 1078 1496; baseline 0 -14"><span class='ocrx_word' id='word_1_105' title='bbox 93 1430 142 1482; x_wconf 90' lang='lat' dir='ltr'>tos</span> <span class='ocrx_word' id='word_1_106' title='bbox 157 1422 272 1482; x_wconf 83' lang='lat' dir='ltr'><strong>milites</strong></span> <span class='ocrx_word' id='word_1_107' title='bbox 286 1421 402 1491; x_wconf 84' lang='lat' dir='ltr'>amisit;</span> <span class='ocrx_word' id='word_1_108' title='bbox 423 1427 506 1482; x_wconf 84' lang='lat' dir='ltr'>tanta</span> <span class='ocrx_word' id='word_1_109' title='bbox 520 1435 559 1480; x_wconf 88' lang='lat' dir='ltr'>ex</span> <span class='ocrx_word' id='word_1_110' title='bbox 575 1436 612 1480; x_wconf 92' lang='lat' dir='ltr'>co</span> <span class='ocrx_word' id='word_1_111' title='bbox 626 1420 723 1494; x_wconf 91' lang='lat' dir='ltr'>bello,</span> <span class='ocrx_word' id='word_1_112' title='bbox 741 1420 899 1496; x_wconf 89' lang='lat' dir='ltr'>quodiam</span> <span class='ocrx_word' id='word_1_113' title='bbox 913 1420 1010 1480; x_wconf 87' lang='lat' dir='ltr'>timeri</span> <span class='ocrx_word' id='word_1_114' title='bbox 1026 1423 1078 1482; x_wconf 91' lang='lat' dir='ltr'>de-</span> 
     </span>
    </p>
   </div>
   <div class='ocr_carea' id='block_1_3' title="bbox 90 1503 1077 1917">
    <p class='ocr_par' dir='ltr' id='par_1_4' title="bbox 90 1503 1077 1917">
     <span class='ocr_line' id='line_1_16' title="bbox 92 1503 1074 1580; baseline 0 -15"><span class='ocrx_word' id='word_1_115' title='bbox 92 1505 204 1577; x_wconf 87' lang='lat' dir='ltr'>sierat,</span> <span class='ocrx_word' id='word_1_116' title='bbox 228 1505 332 1565; x_wconf 90' lang='lat' dir='ltr'>clades</span> <span class='ocrx_word' id='word_1_117' title='bbox 348 1511 476 1580; x_wconf 87' lang='lat' dir='ltr'>accepta</span> <span class='ocrx_word' id='word_1_118' title='bbox 490 1511 545 1565; x_wconf 88' lang='lat' dir='ltr'>est.</span> <span class='ocrx_word' id='word_1_119' title='bbox 578 1521 616 1564; x_wconf 89' lang='lat' dir='ltr'>ea</span> <span class='ocrx_word' id='word_1_120' title='bbox 630 1519 681 1564; x_wconf 90' lang='lat' dir='ltr'>res</span> <span class='ocrx_word' id='word_1_121' title='bbox 696 1505 728 1564; x_wconf 90' lang='lat' dir='ltr'>L.</span> <span class='ocrx_word' id='word_1_122' title='bbox 743 1503 905 1565; x_wconf 88' lang='lat' dir='ltr'>Lentulum</span> <span class='ocrx_word' id='word_1_123' title='bbox 920 1507 1074 1571; x_wconf 91' lang='lat' dir='ltr'>consulem</span> 
     </span>
     <span class='ocr_line' id='line_1_17' title="bbox 91 1588 1075 1664; baseline 0.001 -16"><span class='ocrx_word' id='word_1_124' title='bbox 91 1589 132 1648; x_wconf 86' lang='lat' dir='ltr'>ab</span> <span class='ocrx_word' id='word_1_125' title='bbox 145 1589 226 1650; x_wconf 86' lang='lat' dir='ltr'>urbe</span> <span class='ocrx_word' id='word_1_126' title='bbox 239 1589 360 1650; x_wconf 80' lang='lat' dir='ltr'>excivit</span> <span class='ocrx_word' id='word_1_127' title='bbox 382 1591 434 1663; x_wconf 80' lang='lat' dir='ltr'>qui</span> <span class='ocrx_word' id='word_1_128' title='bbox 449 1590 526 1650; x_wconf 87' lang='lat' dir='ltr'>utin</span> <span class='ocrx_word' id='word_1_129' title='bbox 542 1588 731 1664; x_wconf 85' lang='lat' dir='ltr'>provinciam</span> <span class='ocrx_word' id='word_1_130' title='bbox 741 1589 826 1648; x_wconf 90' lang='lat' dir='ltr'>venit</span> <span class='ocrx_word' id='word_1_131' title='bbox 837 1589 958 1664; x_wconf 84' lang='lat' dir='ltr'>plenam</span> <span class='ocrx_word' id='word_1_132' title='bbox 969 1592 1075 1650; x_wconf 85' lang='lat' dir='ltr'>tumul-</span> 
     </span>
     <span class='ocr_line' id='line_1_18' title="bbox 90 1672 1077 1749; baseline 0 -15"><span class='ocrx_word' id='word_1_133' title='bbox 90 1681 157 1749; x_wconf 89' lang='lat' dir='ltr'>tus,</span> <span class='ocrx_word' id='word_1_134' title='bbox 184 1674 305 1749; x_wconf 87' lang='lat' dir='ltr'>trepido</span> <span class='ocrx_word' id='word_1_135' title='bbox 327 1673 463 1733; x_wconf 89' lang='lat' dir='ltr'>exercitu</span> <span class='ocrx_word' id='word_1_136' title='bbox 482 1680 611 1748; x_wconf 88' lang='lat' dir='ltr'>accepto</span> <span class='ocrx_word' id='word_1_137' title='bbox 636 1677 809 1748; x_wconf 79' lang='lat' dir='ltr'>praetorem</span> <span class='ocrx_word' id='word_1_138' title='bbox 829 1672 932 1733; x_wconf 86' lang='lat' dir='ltr'>multis</span> <span class='ocrx_word' id='word_1_139' title='bbox 953 1673 1077 1748; x_wconf 87' lang='lat' dir='ltr'>probris</span> 
     </span>
     <span class='ocr_line' id='line_1_19' title="bbox 90 1754 1076 1832; baseline -0.001 -16"><span class='ocrx_word' id='word_1_140' title='bbox 90 1757 276 1832; x_wconf 86' lang='lat' dir='ltr'>increpitum</span> <span class='ocrx_word' id='word_1_141' title='bbox 290 1754 449 1832; x_wconf 89' lang='lat' dir='ltr'>provincia</span> <span class='ocrx_word' id='word_1_142' title='bbox 464 1756 616 1818; x_wconf 88' lang='lat' dir='ltr'>decedere</span> <span class='ocrx_word' id='word_1_143' title='bbox 631 1765 723 1832; x_wconf 89' lang='lat' dir='ltr'>atque</span> <span class='ocrx_word' id='word_1_144' title='bbox 737 1757 822 1816; x_wconf 90' lang='lat' dir='ltr'>abire</span> <span class='ocrx_word' id='word_1_145' title='bbox 835 1757 964 1816; x_wconf 83' lang='lat' dir='ltr'>Romam</span> <span class='ocrx_word' id='word_1_146' title='bbox 979 1757 1076 1818; x_wconf 92' lang='lat' dir='ltr'>iussit.</span> 
     </span>
     <span class='ocr_line' id='line_1_20' title="bbox 91 1837 1076 1917; baseline 0.002 -16"><span class='ocrx_word' id='word_1_147' title='bbox 91 1857 196 1917; x_wconf 88' lang='lat' dir='ltr'>neque</span> <span class='ocrx_word' id='word_1_148' title='bbox 210 1841 281 1916; x_wconf 84' lang='lat' dir='ltr'>ipse</span> <span class='ocrx_word' id='word_1_149' title='bbox 295 1841 404 1902; x_wconf 90' lang='lat' dir='ltr'>consul</span> <span class='ocrx_word' id='word_1_150' title='bbox 418 1837 615 1900; x_wconf 87' lang='lat' dir='ltr'>memorabile</span> <span class='ocrx_word' id='word_1_151' title='bbox 633 1841 798 1916; x_wconf 86' lang='lat' dir='ltr'>quicquam</span> <span class='ocrx_word' id='word_1_152' title='bbox 813 1841 917 1915; x_wconf 82' lang='lat' dir='ltr'>gessit,</span> <span class='ocrx_word' id='word_1_153' title='bbox 941 1842 1076 1903; x_wconf 88' lang='lat' dir='ltr'>comitio—</span> 
     </span>
    </p>
   </div>
   <div class='ocr_carea' id='block_1_4' title="bbox 85 1921 1078 3578">
    <p class='ocr_par' dir='ltr' id='par_1_5' title="bbox 85 1921 1078 3578">
     <span class='ocr_line' id='line_1_21' title="bbox 88 1921 1077 2000; baseline -0.002 -14"><span class='ocrx_word' id='word_1_154' title='bbox 88 1941 159 1986; x_wconf 88' lang='lat' dir='ltr'>rum</span> <span class='ocrx_word' id='word_1_155' title='bbox 174 1941 271 1986; x_wconf 88' lang='lat' dir='ltr'>causo</span> <span class='ocrx_word' id='word_1_156' title='bbox 283 1925 412 1986; x_wconf 87' lang='lat' dir='ltr'>Romam</span> <span class='ocrx_word' id='word_1_157' title='bbox 433 1931 613 1994; x_wconf 63' lang='lat' dir='ltr'>revocatum</span> <span class='ocrx_word' id='word_1_158' title='bbox 638 1940 717 1999; x_wconf 88' lang='lat' dir='ltr'>quae</span> <span class='ocrx_word' id='word_1_159' title='bbox 731 1925 800 1999; x_wconf 90' lang='lat' dir='ltr'>ipsa</span> <span class='ocrx_word' id='word_1_160' title='bbox 814 1940 869 2000; x_wconf 91' lang='lat' dir='ltr'>per</span> <span class='ocrx_word' id='word_1_161' title='bbox 882 1921 922 1983; x_wconf 94' lang='grc' dir='ltr'>Μ.</span> <span class='ocrx_word' id='word_1_162' title='bbox 938 1923 1077 1986; x_wconf 86' lang='lat' dir='ltr'>Fulvium</span> 
     </span>
     <span class='ocr_line' id='line_1_22' title="bbox 89 2007 1076 2088; baseline -0.003 -19"><span class='ocrx_word' id='word_1_163' title='bbox 89 2017 121 2069; x_wconf 91' lang='lat' dir='ltr'>et</span> <span class='ocrx_word' id='word_1_164' title='bbox 135 2009 187 2068; x_wconf 84' lang='grc' dir='ltr'>Μ’.</span> <span class='ocrx_word' id='word_1_165' title='bbox 209 2008 338 2088; x_wconf 71' lang='grc' dir='ltr'>ιΟιιιίιιιιι</span> <span class='ocrx_word' id='word_1_166' title='bbox 361 2009 502 2070; x_wconf 88' lang='lat' dir='ltr'>tribunos</span> <span class='ocrx_word' id='word_1_167' title='bbox 528 2007 627 2084; x_wconf 91' lang='lat' dir='ltr'>plebis</span> <span class='ocrx_word' id='word_1_168' title='bbox 649 2008 908 2084; x_wconf 80' lang='lat' dir='ltr'>impediebantur,</span> <span class='ocrx_word' id='word_1_169' title='bbox 937 2007 1022 2082; x_wconf 91' lang='lat' dir='ltr'>quod</span> <span class='ocrx_word' id='word_1_170' title='bbox 1043 2009 1076 2066; x_wconf 88' lang='lat' dir='ltr'>T.</span> 
     </span>
     <span class='ocr_line' id='line_1_23' title="bbox 90 2092 1078 2167; baseline -0.003 -14"><span class='ocrx_word' id='word_1_171' title='bbox 90 2093 266 2167; x_wconf 82' lang='lat' dir='ltr'>Quinctium</span> <span class='ocrx_word' id='word_1_172' title='bbox 285 2092 486 2153; x_wconf 86' lang='lat' dir='ltr'>Flamininum</span> <span class='ocrx_word' id='word_1_173' title='bbox 512 2095 703 2154; x_wconf 85' lang='lat' dir='ltr'>consulatum</span> <span class='ocrx_word' id='word_1_174' title='bbox 726 2098 952 2167; x_wconf 82' lang='lat' dir='ltr'>exquaestore</span> <span class='ocrx_word' id='word_1_175' title='bbox 972 2098 1078 2166; x_wconf 90' lang='lat' dir='ltr'>petere</span> 
     </span>
     <span class='ocr_line' id='line_1_24' title="bbox 88 2175 1075 2252; baseline -0.004 -14"><span class='ocrx_word' id='word_1_176' title='bbox 88 2194 152 2238; x_wconf 94' lang='lat' dir='ltr'>non</span> <span class='ocrx_word' id='word_1_177' title='bbox 175 2175 377 2252; x_wconf 86' lang='lat' dir='ltr'>patiebantur.</span> <span class='ocrx_word' id='word_1_178' title='bbox 413 2176 474 2236; x_wconf 89' lang='lat' dir='ltr'>iam</span> <span class='ocrx_word' id='word_1_179' title='bbox 488 2177 671 2238; x_wconf 81' lang='lat' dir='ltr'>aedilitatem</span> <span class='ocrx_word' id='word_1_180' title='bbox 687 2182 923 2252; x_wconf 88' lang='lat' dir='ltr'>praeturamque</span> <span class='ocrx_word' id='word_1_181' title='bbox 937 2176 1075 2246; x_wconf 78' lang='lat' dir='ltr'>lastidiri</span> 
     </span>
     <span class='ocr_line' id='line_1_25' title="bbox 88 2259 1076 2336; baseline -0.003 -15"><span class='ocrx_word' id='word_1_182' title='bbox 88 2277 149 2321; x_wconf 89' lang='lat' dir='ltr'>nec</span> <span class='ocrx_word' id='word_1_183' title='bbox 166 2275 222 2336; x_wconf 93' lang='lat' dir='ltr'>per</span> <span class='ocrx_word' id='word_1_184' title='bbox 235 2259 386 2322; x_wconf 90' lang='lat' dir='ltr'>honorum</span> <span class='ocrx_word' id='word_1_185' title='bbox 401 2261 526 2336; x_wconf 80' lang='lat' dir='ltr'>gradus,</span> <span class='ocrx_word' id='word_1_186' title='bbox 543 2260 759 2321; x_wconf 77' lang='lat' dir='ltr'>documentum</span> <span class='ocrx_word' id='word_1_187' title='bbox 770 2259 818 2320; x_wconf 89' lang='lat' dir='ltr'>sui</span> <span class='ocrx_word' id='word_1_188' title='bbox 830 2259 941 2335; x_wconf 85' lang='lat' dir='ltr'>dantis,</span> <span class='ocrx_word' id='word_1_189' title='bbox 956 2259 1076 2321; x_wconf 90' lang='lat' dir='ltr'>nobiles</span> 
     </span>
     <span class='ocr_line' id='line_1_26' title="bbox 88 2341 1076 2416; baseline -0.003 -11"><span class='ocrx_word' id='word_1_190' title='bbox 88 2345 232 2406; x_wconf 88' lang='lat' dir='ltr'>homines</span> <span class='ocrx_word' id='word_1_191' title='bbox 247 2345 374 2405; x_wconf 86' lang='lat' dir='ltr'>tendere</span> <span class='ocrx_word' id='word_1_192' title='bbox 391 2344 433 2405; x_wconf 90' lang='lat' dir='ltr'>ad</span> <span class='ocrx_word' id='word_1_193' title='bbox 447 2345 654 2416; x_wconf 90' lang='lat' dir='ltr'>consulatum,</span> <span class='ocrx_word' id='word_1_194' title='bbox 677 2345 734 2404; x_wconf 90' lang='lat' dir='ltr'>sed</span> <span class='ocrx_word' id='word_1_195' title='bbox 748 2341 996 2404; x_wconf 87' lang='lat' dir='ltr'>transcendendo</span> <span class='ocrx_word' id='word_1_196' title='bbox 1013 2359 1076 2402; x_wconf 90' lang='lat' dir='ltr'>me-</span> 
     </span>
     <span class='ocr_line' id='line_1_27' title="bbox 89 2427 1077 2503; baseline -0.004 -13"><span class='ocrx_word' id='word_1_197' title='bbox 89 2429 150 2503; x_wconf 88' lang='lat' dir='ltr'>dia,</span> <span class='ocrx_word' id='word_1_198' title='bbox 170 2445 292 2490; x_wconf 85' lang='lat' dir='ltr'>summa</span> <span class='ocrx_word' id='word_1_199' title='bbox 304 2429 372 2490; x_wconf 91' lang='lat' dir='ltr'>imis</span> <span class='ocrx_word' id='word_1_200' title='bbox 388 2429 575 2490; x_wconf 86' lang='lat' dir='ltr'>continuare.</span> <span class='ocrx_word' id='word_1_201' title='bbox 607 2445 659 2487; x_wconf 90' lang='lat' dir='ltr'>res</span> <span class='ocrx_word' id='word_1_202' title='bbox 675 2444 714 2488; x_wconf 86' lang='lat' dir='ltr'>cx</span> <span class='ocrx_word' id='word_1_203' title='bbox 730 2428 894 2502; x_wconf 86' lang='lat' dir='ltr'>campestri</span> <span class='ocrx_word' id='word_1_204' title='bbox 911 2427 1077 2488; x_wconf 86' lang='lat' dir='ltr'>certamine</span> 
     </span>
     <span class='ocr_line' id='line_1_28' title="bbox 89 2510 1076 2588; baseline -0.005 -16"><span class='ocrx_word' id='word_1_205' title='bbox 89 2513 120 2572; x_wconf 91' lang='lat' dir='ltr'>in</span> <span class='ocrx_word' id='word_1_206' title='bbox 142 2519 284 2574; x_wconf 89' lang='lat' dir='ltr'>senatum</span> <span class='ocrx_word' id='word_1_207' title='bbox 311 2513 458 2588; x_wconf 88' lang='lat' dir='ltr'>pervenit.</span> <span class='ocrx_word' id='word_1_208' title='bbox 489 2520 593 2588; x_wconf 89' lang='lat' dir='ltr'>patres</span> <span class='ocrx_word' id='word_1_209' title='bbox 618 2518 818 2583; x_wconf 87' lang='lat' dir='ltr'>censuerunt,</span> <span class='ocrx_word' id='word_1_210' title='bbox 845 2511 897 2585; x_wconf 88' lang='lat' dir='ltr'>qui</span> <span class='ocrx_word' id='word_1_211' title='bbox 917 2510 1076 2583; x_wconf 83' lang='lat' dir='ltr'>honorem,</span> 
     </span>
     <span class='ocr_line' id='line_1_29' title="bbox 90 2593 1075 2673; baseline -0.005 -15"><span class='ocrx_word' id='word_1_212' title='bbox 90 2614 182 2673; x_wconf 88' lang='lat' dir='ltr'>quem</span> <span class='ocrx_word' id='word_1_213' title='bbox 198 2597 259 2658; x_wconf 85' lang='lat' dir='ltr'>sibi</span> <span class='ocrx_word' id='word_1_214' title='bbox 275 2611 386 2672; x_wconf 85' lang='lat' dir='ltr'>capere</span> <span class='ocrx_word' id='word_1_215' title='bbox 401 2598 555 2672; x_wconf 77' lang='lat' dir='ltr'>perleges</span> <span class='ocrx_word' id='word_1_216' title='bbox 571 2595 690 2666; x_wconf 89' lang='lat' dir='ltr'>liceret,</span> <span class='ocrx_word' id='word_1_217' title='bbox 710 2599 841 2668; x_wconf 85' lang='lat' dir='ltr'>peteret,</span> <span class='ocrx_word' id='word_1_218' title='bbox 857 2593 888 2652; x_wconf 96' lang='lat' dir='ltr'>in</span> <span class='ocrx_word' id='word_1_219' title='bbox 905 2608 942 2652; x_wconf 92' lang='lat' dir='ltr'>eo</span> <span class='ocrx_word' id='word_1_220' title='bbox 958 2595 1075 2668; x_wconf 92' lang='lat' dir='ltr'>populo</span> 
     </span>
     <span class='ocr_line' id='line_1_30' title="bbox 89 2677 1074 2756; baseline -0.002 -16"><span class='ocrx_word' id='word_1_221' title='bbox 89 2680 215 2742; x_wconf 86' lang='lat' dir='ltr'>creandi</span> <span class='ocrx_word' id='word_1_222' title='bbox 228 2695 319 2756; x_wconf 84' lang='lat' dir='ltr'>quem</span> <span class='ocrx_word' id='word_1_223' title='bbox 331 2681 405 2740; x_wconf 91' lang='lat' dir='ltr'>velit</span> <span class='ocrx_word' id='word_1_224' title='bbox 414 2687 597 2756; x_wconf 86' lang='lat' dir='ltr'>potestatem</span> <span class='ocrx_word' id='word_1_225' title='bbox 609 2678 676 2737; x_wconf 88' lang='lat' dir='ltr'>lieri</span> <span class='ocrx_word' id='word_1_226' title='bbox 688 2692 820 2752; x_wconf 88' lang='lat' dir='ltr'>aequum</span> <span class='ocrx_word' id='word_1_227' title='bbox 832 2691 913 2738; x_wconf 90' lang='lat' dir='ltr'>esse.</span> <span class='ocrx_word' id='word_1_228' title='bbox 928 2677 958 2736; x_wconf 95' lang='lat' dir='ltr'>in</span> <span class='ocrx_word' id='word_1_229' title='bbox 971 2685 1074 2738; x_wconf 79' lang='lat' dir='ltr'>aucto</span> 
     </span>
     <span class='ocr_line' id='line_1_31' title="bbox 89 2760 1075 2840; baseline -0.002 -16"><span class='ocrx_word' id='word_1_230' title='bbox 89 2767 177 2827; x_wconf 89' lang='lat' dir='ltr'>ritate</span> <span class='ocrx_word' id='word_1_231' title='bbox 198 2771 318 2840; x_wconf 89' lang='lat' dir='ltr'>patrum</span> <span class='ocrx_word' id='word_1_232' title='bbox 339 2765 425 2824; x_wconf 87' lang='lat' dir='ltr'>inere</span> <span class='ocrx_word' id='word_1_233' title='bbox 446 2763 569 2824; x_wconf 87' lang='lat' dir='ltr'>tribuni.</span> <span class='ocrx_word' id='word_1_234' title='bbox 604 2762 697 2822; x_wconf 82' lang='lat' dir='ltr'>creati</span> <span class='ocrx_word' id='word_1_235' title='bbox 719 2762 863 2822; x_wconf 88' lang='lat' dir='ltr'>consules</span> <span class='ocrx_word' id='word_1_236' title='bbox 880 2760 952 2822; x_wconf 87' lang='lat' dir='ltr'>Sex.</span> <span class='ocrx_word' id='word_1_237' title='bbox 968 2761 1075 2822; x_wconf 85' lang='lat' dir='ltr'>Aelius</span> 
     </span>
     <span class='ocr_line' id='line_1_32' title="bbox 88 2847 1074 2932; baseline 0 -24"><span class='ocrx_word' id='word_1_238' title='bbox 88 2849 201 2910; x_wconf 88' lang='lat' dir='ltr'>Paetus</span> <span class='ocrx_word' id='word_1_239' title='bbox 221 2855 253 2908; x_wconf 85' lang='lat' dir='ltr'>et</span> <span class='ocrx_word' id='word_1_240' title='bbox 272 2848 304 2906; x_wconf 86' lang='lat' dir='ltr'>T.</span> <span class='ocrx_word' id='word_1_241' title='bbox 321 2847 479 2922; x_wconf 78' lang='lat' dir='ltr'>Quinctius</span> <span class='ocrx_word' id='word_1_242' title='bbox 500 2847 700 2932; x_wconf 67' lang='lat' dir='ltr'>Flamininus</span> <span class='ocrx_word' id='word_1_243' title='bbox 732 2847 804 2906; x_wconf 90' lang='lat' dir='ltr'>inde</span> <span class='ocrx_word' id='word_1_244' title='bbox 826 2852 1000 2921; x_wconf 87' lang='lat' dir='ltr'>praetorum</span> <span class='ocrx_word' id='word_1_245' title='bbox 1023 2864 1074 2908; x_wconf 90' lang='lat' dir='ltr'>co-</span> 
     </span>
     <span class='ocr_line' id='line_1_33' title="bbox 88 2930 1074 2994; baseline -0.002 -1"><span class='ocrx_word' id='word_1_246' title='bbox 88 2933 174 2994; x_wconf 88' lang='lat' dir='ltr'>mitia</span> <span class='ocrx_word' id='word_1_247' title='bbox 202 2931 315 2992; x_wconf 82' lang='lat' dir='ltr'>babila.</span> <span class='ocrx_word' id='word_1_248' title='bbox 351 2933 445 2992; x_wconf 86' lang='lat' dir='ltr'>creati</span> <span class='ocrx_word' id='word_1_249' title='bbox 469 2933 502 2992; x_wconf 91' lang='lat' dir='ltr'>L.</span> <span class='ocrx_word' id='word_1_250' title='bbox 530 2932 688 2992; x_wconf 83' lang='lat' dir='ltr'>cornelius</span> <span class='ocrx_word' id='word_1_251' title='bbox 717 2931 835 2991; x_wconf 82' lang='lat' dir='ltr'>blenda</span> <span class='ocrx_word' id='word_1_252' title='bbox 862 2930 903 2991; x_wconf 88' lang='lat' dir='ltr'>M.</span> <span class='ocrx_word' id='word_1_253' title='bbox 930 2930 1074 2992; x_wconf 84' lang='lat' dir='ltr'>Claudius</span> 
     </span>
     <span class='ocr_line' id='line_1_34' title="bbox 87 3015 1073 3100; baseline -0.002 -24"><span class='ocrx_word' id='word_1_254' title='bbox 87 3017 254 3078; x_wconf 84' lang='lat' dir='ltr'>Marcellus</span> <span class='ocrx_word' id='word_1_255' title='bbox 275 3015 316 3077; x_wconf 86' lang='grc' dir='ltr'><strong>Μ</strong></span> <span class='ocrx_word' id='word_1_256' title='bbox 341 3016 468 3078; x_wconf 85' lang='lat' dir='ltr'>Porcius</span> <span class='ocrx_word' id='word_1_257' title='bbox 491 3015 564 3076; x_wconf 85' lang='lat' dir='ltr'>Cato</span> <span class='ocrx_word' id='word_1_258' title='bbox 592 3015 623 3075; x_wconf 80' lang='lat'>0.</span> <span class='ocrx_word' id='word_1_259' title='bbox 644 3015 771 3076; x_wconf 88' lang='lat' dir='ltr'>Helvius</span> <span class='ocrx_word' id='word_1_260' title='bbox 794 3016 846 3090; x_wconf 91' lang='lat' dir='ltr'>qui</span> <span class='ocrx_word' id='word_1_261' title='bbox 872 3016 987 3100; x_wconf 83' lang='lat' dir='ltr'>aediles</span> <span class='ocrx_word' id='word_1_262' title='bbox 1011 3018 1073 3090; x_wconf 92' lang='lat' dir='ltr'>ple-</span> 
     </span>
     <span class='ocr_line' id='line_1_35' title="bbox 87 3099 1074 3175; baseline -0.002 -15"><span class='ocrx_word' id='word_1_263' title='bbox 87 3101 136 3162; x_wconf 89' lang='lat' dir='ltr'>bis</span> <span class='ocrx_word' id='word_1_264' title='bbox 163 3103 292 3162; x_wconf 80' lang='lat' dir='ltr'>lucrant.</span> <span class='ocrx_word' id='word_1_265' title='bbox 335 3101 373 3162; x_wconf 89' lang='lat' dir='ltr'>ab</span> <span class='ocrx_word' id='word_1_266' title='bbox 398 3101 437 3162; x_wconf 90' lang='lat' dir='ltr'>iis</span> <span class='ocrx_word' id='word_1_267' title='bbox 462 3101 525 3162; x_wconf 90' lang='lat' dir='ltr'>ludi</span> <span class='ocrx_word' id='word_1_268' title='bbox 552 3099 663 3175; x_wconf 87' lang='lat' dir='ltr'>plebeii</span> <span class='ocrx_word' id='word_1_269' title='bbox 689 3099 862 3169; x_wconf 78' lang='lat' dir='ltr'>instaurati3</span> <span class='ocrx_word' id='word_1_270' title='bbox 895 3105 926 3159; x_wconf 91' lang='lat' dir='ltr'>et</span> <span class='ocrx_word' id='word_1_271' title='bbox 951 3100 1074 3174; x_wconf 91' lang='lat' dir='ltr'>epulum</span> 
     </span>
     <span class='ocr_line' id='line_1_36' title="bbox 86 3181 1073 3246; baseline -0.006 -2"><span class='ocrx_word' id='word_1_272' title='bbox 86 3185 172 3246; x_wconf 87' lang='lat' dir='ltr'>lovis</span> <span class='ocrx_word' id='word_1_273' title='bbox 198 3185 254 3246; x_wconf 88' lang='lat' dir='ltr'>luit</span> <span class='ocrx_word' id='word_1_274' title='bbox 278 3185 421 3246; x_wconf 89' lang='lat' dir='ltr'>ludorum</span> <span class='ocrx_word' id='word_1_275' title='bbox 444 3201 548 3246; x_wconf 86' lang='lat' dir='ltr'>causa.</span> <span class='ocrx_word' id='word_1_276' title='bbox 579 3189 609 3242; x_wconf 88' lang='lat' dir='ltr'>et</span> <span class='ocrx_word' id='word_1_277' title='bbox 630 3185 668 3242; x_wconf 86' lang='lat' dir='ltr'>ab</span> <span class='ocrx_word' id='word_1_278' title='bbox 689 3183 839 3244; x_wconf 84' lang='lat' dir='ltr'>aedilibus</span> <span class='ocrx_word' id='word_1_279' title='bbox 863 3181 1019 3242; x_wconf 90' lang='lat' dir='ltr'>curulibus</span> <span class='ocrx_word' id='word_1_280' title='bbox 1042 3181 1073 3240; x_wconf 81' lang='lat' dir='ltr'>G.</span> 
     </span>
     <span class='ocr_line' id='line_1_37' title="bbox 85 3264 1072 3338; baseline -0.007 -9"><span class='ocrx_word' id='word_1_281' title='bbox 85 3270 213 3330; x_wconf 85' lang='lat' dir='ltr'>Valerio</span> <span class='ocrx_word' id='word_1_282' title='bbox 233 3269 345 3332; x_wconf 84' lang='lat' dir='ltr'>Flacco</span> <span class='ocrx_word' id='word_1_283' title='bbox 367 3267 490 3329; x_wconf 83' lang='lat' dir='ltr'>flamine</span> <span class='ocrx_word' id='word_1_284' title='bbox 504 3268 583 3328; x_wconf 87' lang='lat' dir='ltr'>Diali</span> <span class='ocrx_word' id='word_1_285' title='bbox 604 3274 634 3327; x_wconf 88' lang='lat' dir='ltr'>et</span> <span class='ocrx_word' id='word_1_286' title='bbox 649 3267 680 3328; x_wconf 82' lang='lat' dir='ltr'>C.</span> <span class='ocrx_word' id='word_1_287' title='bbox 698 3267 837 3328; x_wconf 86' lang='lat' dir='ltr'>Cornelio</span> <span class='ocrx_word' id='word_1_288' title='bbox 854 3265 987 3338; x_wconf 82' lang='lat' dir='ltr'>Cethego</span> <span class='ocrx_word' id='word_1_289' title='bbox 1008 3264 1072 3323; x_wconf 94' lang='lat' dir='ltr'>ludi</span> 
     </span>
     <span class='ocr_line' id='line_1_38' title="bbox 85 3346 1074 3429; baseline -0.011 -13"><span class='ocrx_word' id='word_1_290' title='bbox 85 3354 219 3416; x_wconf 85' lang='lat' dir='ltr'>Romani</span> <span class='ocrx_word' id='word_1_291' title='bbox 233 3369 344 3429; x_wconf 76' lang='lat' dir='ltr'>magno</span> <span class='ocrx_word' id='word_1_292' title='bbox 360 3360 511 3428; x_wconf 87' lang='lat' dir='ltr'>apparatu</span> <span class='ocrx_word' id='word_1_293' title='bbox 525 3352 606 3412; x_wconf 85' lang='lat' dir='ltr'>iacti.</span> <span class='ocrx_word' id='word_1_294' title='bbox 640 3350 705 3412; x_wconf 90' lang='lat' dir='ltr'>Ser.</span> <span class='ocrx_word' id='word_1_295' title='bbox 723 3359 752 3411; x_wconf 90' lang='lat' dir='ltr'>et</span> <span class='ocrx_word' id='word_1_296' title='bbox 768 3349 799 3410; x_wconf 82' lang='lat' dir='ltr'>C.</span> <span class='ocrx_word' id='word_1_297' title='bbox 816 3348 943 3423; x_wconf 89' lang='lat' dir='ltr'>Sulpicii</span> <span class='ocrx_word' id='word_1_298' title='bbox 960 3346 1074 3407; x_wconf 85' lang='lat' dir='ltr'>Galbae</span> 
     </span>
     <span class='ocr_line' id='line_1_39' title="bbox 86 3430 1073 3515; baseline -0.007 -17"><span class='ocrx_word' id='word_1_299' title='bbox 86 3437 252 3515; x_wconf 78' lang='lat' dir='ltr'>pontiliaco</span> <span class='ocrx_word' id='word_1_300' title='bbox 272 3453 309 3499; x_wconf 89' lang='lat' dir='ltr'>eo</span> <span class='ocrx_word' id='word_1_301' title='bbox 324 3453 406 3499; x_wconf 91' lang='lat' dir='ltr'>anno</span> <span class='ocrx_word' id='word_1_302' title='bbox 427 3437 538 3498; x_wconf 84' lang='lat' dir='ltr'>mortui</span> <span class='ocrx_word' id='word_1_303' title='bbox 561 3442 648 3496; x_wconf 84' lang='lat' dir='ltr'>sunt:</span> <span class='ocrx_word' id='word_1_304' title='bbox 670 3437 701 3495; x_wconf 94' lang='lat' dir='ltr'>in</span> <span class='ocrx_word' id='word_1_305' title='bbox 716 3450 821 3497; x_wconf 90' lang='lat' dir='ltr'>eormn</span> <span class='ocrx_word' id='word_1_306' title='bbox 841 3435 941 3493; x_wconf 92' lang='lat' dir='ltr'>locum</span> <span class='ocrx_word' id='word_1_307' title='bbox 957 3430 997 3491; x_wconf 88' lang='grc' dir='ltr'>Μ.</span> <span class='ocrx_word' id='word_1_308' title='bbox 1013 3432 1073 3492; x_wconf 87' lang='lat' dir='ltr'>Ae-</span> 
     </span>
     <span class='ocr_line' id='line_1_40' title="bbox 827 3518 870 3578; baseline 0 -26"><span class='ocrx_word' id='word_1_309' title='bbox 827 3518 870 3578; x_wconf 59' lang='grc' dir='ltr'><strong>μ</strong></span> 
     </span>
    </p>
   </div>
   <div class='ocr_carea' id='block_1_5' title="bbox 0 0 1246 3900">
    <p class='ocr_par' dir='ltr' id='par_1_6' title="bbox 0 0 1246 3900">
     <span class='ocr_line' id='line_1_41' title="bbox 0 0 1246 3900; baseline 0 2"><span class='ocrx_word' id='word_1_310' title='bbox 0 0 1246 3900; x_wconf 95' lang='lat' dir='ltr'> </span> 
     </span>
    </p>
   </div>
  </div>
 </body>
</html>
