2480 3904
245 258 361 318 LIBER
374 257 495 318 XXXV.
518 258 679 320 celsas
703 265 739 333 [a.
755 265 789 322 c,
805 266 866 331 193]
983 259 1045 324 179

57 413 134 476 belli
145 411 223 472 ratio
240 429 332 488 qrram
347 427 415 472 cum
429 412 598 488 Liguribus·
607 421 680 474 crat.
703 415 813 475 consul
827 415 857 490 in
871 416 968 476 aciem
980 419 1044 478 exi-

56 499 124 572 bat,
154 496 262 557 hostes
287 512 422 572 pugnam
448 497 672 567 detractabant;
707 499 965 577 praedatnmque,
990 503 1044 562 ubl

56 597 156 642 nmne
177 581 301 642 obviam
321 581 434 655 exiret,
459 581 671 642 discurrebant
689 583 835 644 Romanis
863 585 931 646 Boii
953 585 1044 662 diripi

56 683 116 727 sua
139 666 266 742 impone
289 681 382 741 quan
401 665 516 726 tuendo
532 681 570 725 ea
592 681 756 728 conserere
777 675 930 730 certamen
950 671 1044 732 mole

56 751 140 810 bant.
171 755 336 825 postquam
351 749 453 811 omnia
467 751 548 810 lcrro
564 749 689 826 ignique
704 752 780 812 salis
796 761 935 814 evastata
948 761 1043 828 erant,

56 837 168 896 consul
191 850 267 910 agro
281 833 414 896 hostium
429 835 579 910 excessit,
601 837 685 896 etad
699 835 845 896 Mutinam
861 839 982 912 agmine
997 839 1043 899 in-

56 923 158 992 cauto,
174 927 208 978 ut
221 919 300 980 inter
314 924 451 994 pacatos
468 919 607 980 ducebat.
630 919 698 980 Boii
711 920 763 980 ubi
774 935 936 996 egressum
948 939 965 982 e
976 923 1043 984 fini-

56 1005 115 1064 bus
142 1002 210 1064 sais
235 1003 354 1064 hostem
380 1017 523 1076 sensere,
553 1005 762 1080 sequebantur
786 1003 886 1066 silenti
912 1007 1042 1081 agmine,

55 1090 158 1148 locum
173 1087 296 1148 insidiis
312 1093 504 1162 quaerentes.
528 1095 620 1148 nocte
633 1089 857 1164 praetergressi
869 1098 971 1151 castra
981 1093 1043 1151 Ro-

53 1187 152 1232 mana·
162 1175 282 1244 saltum,
299 1189 361 1248 qua
374 1172 598 1233 transeundum:
605 1178 673 1232 crat
680 1173 838 1247 Romanis,
854 1173 1041 1235 insederunt.

53 1257 84 1316 id
101 1271 174 1317 aum
189 1271 299 1332 parum
313 1257 432 1318 occulte
450 1256 611 1330 laoisscnt,
634 1258 757 1331 consul,
780 1257 831 1333 qui
845 1257 939 1318 multa
952 1265 1044 1319 nocte

53 1343 168 1402 solitus
179 1349 382 1402 cratmovera
393 1347 503 1413 castra,
520 1355 559 1400 ne
569 1357 633 1402 nox
643 1348 792 1402 terrorem
803 1340 834 1400 in
846 1342 1041 1402 tumultuario

54 1425 176 1500 proella
192 1431 326 1500 augeret
341 1427 440 1485 lucem
456 1426 661 1500 exspectavit,
685 1433 715 1486 et
729 1439 797 1486 curn
811 1427 881 1486 lucc
895 1433 1040 1500 moveret,

55 1517 157 1570 muron
172 1515 303 1569 turmam
318 1509 457 1585 equitum·
470 1510 661 1583 exploratum
676 1509 765 1570 misit.
789 1517 953 1586 postquam
963 1511 1042 1570 rele-

55 1602 123 1654 tum·
132 1599 191 1667 esa
208 1600 341 1669 quantae
352 1593 462 1667 copiae
476 1599 506 1652 et
516 1593 546 1652 in
559 1609 620 1668 quo
632 1596 701 1655 loco
714 1601 827 1667 essent,
842 1597 935 1656 totius
948 1593 1041 1670 agini

54 1679 102 1738 nis
118 1675 455 1738 sauciaasinmedlum
471 1674 549 1736 coici
565 1678 662 1752 iussit,
678 1685 708 1739 et
721 1678 844 1740 triarios
858 1679 973 1740 vallum
984 1679 1041 1738 oir—

55 1761 226 1831 cumicere3
254 1767 356 1822 cetero
378 1760 516 1822 exercitu
533 1761 681 1822 instructo
703 1763 744 1821 ad
761 1762 882 1824 hostem
897 1763 1040 1824 accessit.

56 1846 136 1907 idem
152 1853 183 1905 et
198 1841 275 1905 delli
289 1846 441 1918 lecerunt,
464 1851 629 1919 postquam
644 1853 766 1920 apertas
781 1861 854 1907 essa
868 1847 996 1908 insidias
1011 1855 1044 1908 et

57 1935 139 1990 recto
156 1945 194 1990 ac
208 1929 290 1990 iusto
304 1929 438 2004 proelio,
460 1928 514 1988 ubi
527 1943 602 1988 vera
616 1929 752 1989 vinceret
764 1929 878 2001 virtus,
895 1931 1040 1990 dimican-

56 2015 127 2074 dum
152 2013 304 2074 viderunt:
335 2013 373 2072 v.
397 2013 474 2073 hora
499 2013 638 2072 secunda
662 2014 757 2072 terme
779 2028 963 2074 concursum
983 2022 1039 2075 est.

57 2099 182 2158 sinislra
194 2097 350 2158 sociorum
359 2097 408 2156 ala
419 2097 692 2158 etextraordlnorii
701 2097 799 2173 prima
810 2098 840 2157 in
848 2097 914 2157 acie
923 2112 1039 2172 pugna-

57 2183 143 2243 beuta
174 2187 338 2258 praeerant
356 2182 421 2241 duo·
441 2183 621 2242 consulares
642 2183 748 2258 legati,
769 2182 809 2242 tlt.
825 2181 988 2242 Marcellus
1010 2189 1040 2243 et

56 2268 96 2326 rt.
113 2266 333 2343 Sempronius,
349 2265 463 2342 prioris
477 2267 549 2327 anni
564 2268 681 2327 consul.
718 2283 818 2328 novus
835 2269 943 2328 consul
958 2283 1040 2327 nunc

56 2353 94 2411 ad
108 2353 211 2428 prima
221 2352 394 2426 signacral,
409 2367 491 2411 nunc
503 2351 640 2426 legiones
654 2351 828 2412 continebat
838 2352 868 2411 in
881 2351 1038 2424 subsidiis,

56 2452 93 2494 ne
107 2435 284 2497 certaminis
307 2435 408 2496 studio
430 2435 515 2512 prius
537 2441 754 2520 procurrerent
776 2451 865 2509 quam
882 2437 983 2495 datum
1000 2436 1039 2494 si-

55 2536 152 2594 gnum*
170 2527 263 2580 esset.
294 2520 415 2594 equites
435 2535 540 2579 earum
561 2524 647 2578 extra
661 2517 758 2577 aciem
772 2517 802 2576 in
818 2519 919 2577 locum
933 2525 1039 2592 paten-

55 2613 114 2663 tam
136 2603 171 2678 Ψ.
188 2611 218 2664 et
238 2603 270 2662 P.
293 2603 445 2664 Minucios
465 2602 604 2662 tribunos
629 2601 756 2661 militum
782 2601 915 2660 educere
940 2599 1038 2674 iussit,

55 2689 153 2760 unde,
175 2695 244 2748 cum
260 2688 381 2762 signum
395 2685 541 2762 dedisset,
556 2685 702 2760 impctmn
718 2699 757 2743 ex
772 2689 881 2760 operto
895 2683 1038 2743 iacerent.

55 2772 133 2832 hacc
159 2773 261 2847 egenti
286 2771 410 2832 nundus
437 2770 520 2832 venit
540 2787 557 2830 a
577 2769 620 2830 Ti.
643 2768 825 2844 Sempronio
846 2767 952 2842 Longo
977 2782 1039 2828 non

58 2857 212 2917 sustinere
234 2853 495 2916 extraordinarios
517 2855 664 2930 impetum
686 2854 855 2926 Gallorum,
877 2860 907 2912 et
928 2865 1041 2914 caesos

57 2941 230 3014 permultos
248 2955 335 3013 esse,
357 2945 388 2999 et
407 2939 459 3014 qui
479 2939 651 3015 supersint,
674 2937 782 3012 partim
802 2937 909 2998 labore
929 2938 1039 3012 partim

57 3031 140 3084 metu
162 3023 323 3084 remisisse
345 3023 488 3084 ardorem
511 3037 643 3098 pugnae.
681 3023 833 3097 legionem
856 3023 979 3082 alteram
1001 3037 1040 3082 ex

57 3107 194 3182 duabus,
214 3108 241 3168 si
255 3107 427 3180 videretur,
448 3107 662 3181 summitteret,
684 3107 862 3182 priusquam
876 3104 1041 3180 ignominia

58 3194 256 3268 acciperetur.
291 3191 432 3252 secunda
452 3191 548 3252 missa
568 3199 617 3252 est
636 3190 732 3265 legio,
757 3198 791 3251 et
807 3189 1040 3250 extraordinarii

58 3275 183 3352 recepti.
204 3284 269 3338 tum
283 3277 491 3350 redintegrata
505 3281 553 3336 est
566 3287 684 3350 pugna,
701 3287 774 3334 cum·
784 3280 815 3334 ct
827 3286 937 3333 recens
951 3273 1039 3332 milas

58 3360 249 3438 ellrequans
271 3359 432 3420 ordinibus
450 3359 530 3434 legio
552 3357 767 3419 successisset.
796 3363 827 3418 et
846 3356 971 3417 sinistre
992 3357 1040 3416 ola

58 3459 99 3502 ex
118 3446 236 3520 proelio
256 3444 410 3506 subducta
434 3449 496 3518 ast,
517 3443 625 3504 dentre
638 3443 669 3502 ln
684 3441 811 3518 primam
825 3441 922 3500 aciem
937 3439 1039 3500 subiit.

57 3529 106 3588 sol
120 3528 234 3606 ingenti
248 3529 359 3588 ardore
374 3525 510 3588 torrebat
523 3527 645 3586 minime
661 3523 805 3600 patientia
816 3529 923 3642 aestus
939 3520 1038 3584 Gallo·
