2506 3898
143 229 205 294 asc
231 228 520 292 ureraxxxvur.
544 225 1038 304 onn.51.p.o.0.scuac.m]

144 385 231 441 extro
244 379 356 440 sollum
371 378 453 438 circa
466 379 611 454 templum
622 375 804 436 Bendidium
819 381 921 435 castra
934 376 1003 436 loco
1014 382 1130 451 aperto

145 463 264 539 posuitr
283 477 357 537 pars
371 462 467 521 altera
480 460 521 520 ud
535 459 706 521 custodiam
721 459 1008 534 impedimentorum
1021 459 1130 522 medie

143 547 173 606 in
189 547 285 620 autu,
307 545 422 620 duplici
442 543 629 606 circumdato
649 543 747 616 vallo,
767 542 887 603 mansit.
921 549 1049 617 postero
1065 542 1132 616 die,

145 632 230 705 prius
245 629 404 706 explorato
426 629 505 688 saltu
520 643 613 702 quam
627 631 802 698 moverent,
823 623 930 701 primis
945 641 981 686 se
997 626 1133 688 coniun-

143 719 227 789 gunt.
249 713 280 774 in
294 727 333 772 co
348 711 464 786 proelio
481 725 551 771 cum
564 717 595 770 et
608 709 894 785 impedimentorum
909 725 982 784 pars
997 717 1029 770 ct
1043 711 1135 770 cnlo-

144 814 215 858 num
226 802 256 856 at
266 795 373 858 militas
385 794 510 869 aliquot,
522 809 591 856 cum
602 794 719 870 passim
730 799 794 854 toto
806 809 903 870 propo
915 793 996 854 saltu
1006 807 1132 868 pugna-

142 889 240 952 retur,
268 877 466 950 cecidissent,
497 878 659 953 plurimum
684 876 718 950 0.
737 875 860 941 Minucii
879 877 1001 938 mermi
1027 885 1133 938 marte

143 962 245 1024 domni
258 968 308 1022 ast
320 967 495 1038 occeptum,
512 961 599 1023 tortia
614 977 651 1021 oo
665 961 780 1022 suenni
793 959 861 1020 viri.
883 975 921 1021 eo
938 961 989 1020 dic
1005 961 1047 1020 ad
1066 961 1134 1022 lde·

142 1047 230 1108 brom
248 1043 361 1106 flumen
377 1051 556 1121 perventum
571 1052 627 1106 est.
650 1044 722 1104 inde
735 1043 904 1110 Aeniorum
917 1043 989 1104 linis
1003 1051 1134 1119 praeter

142 1129 304 1208 Apollinis,
319 1127 516 1208 Zerynthium
530 1145 622 1206 quem
634 1135 746 1190 vocant
758 1127 893 1203 incolae,
912 1129 1061 1202 templum
1075 1143 1133 1188 su·

144 1220 260 1292 perant
276 1211 354 1274 aliae
365 1212 770 1290 angustiaecirca'iemppm
776 1211 1131 1288 excipiunt-bootem

144 1312 253 1361 nomon
268 1303 317 1358 ast
326 1331 382 1371 -‚
398 1313 455 1356 nec
469 1298 569 1358 minus
584 1297 786 1371 confragosae
800 1311 892 1372 quom
905 1295 1045 1371 priorcsr
1068 1295 1131 1356 ead

143 1383 216 1458 quie
237 1381 312 1442 nihil
334 1380 477 1442 silvestre
495 1381 578 1441 circa
598 1387 660 1453 est,
681 1395 722 1440 ne
735 1380 868 1442 latebras
884 1379 1009 1456 quidem
1025 1379 1067 1440 nd
1082 1379 1130 1438 in-

142 1464 482 1540 sidiandnmpraebant.
498 1462 1129 1539 bucadeendemspernpraedacibrnusi,
1243 1491 1244 1520 ;

142 1563 219 1625 gens
235 1557 266 1610 ct
279 1547 349 1622 ipsa
362 1545 520 1620 Threcum,
538 1561 721 1608 convenere.
751 1547 808 1608 sed
824 1547 1012 1624 quonaone
1025 1547 1128 1607 valles

142 1633 250 1707 promul
263 1637 298 1691 nt
311 1629 563 1705 conspicerentur
577 1632 735 1705 amaseae
750 1631 927 1693 obsidentes
937 1630 1129 1704 efficiebant,

142 1715 243 1776 minus
264 1713 389 1776 temonis
410 1716 617 1791 tumultusque
638 1715 694 1776 tuit
713 1716 797 1791 apud
813 1715 987 1777 Romanam
1009 1714 1130 1790 quippe

143 1799 200 1859 etsi
216 1798 320 1875 iniquo
336 1798 422 1872 loco,
444 1799 561 1874 proelio
576 1805 678 1860 mmcd
692 1798 787 1874 iusto,
808 1800 875 1861 acic
889 1806 1009 1876 aperta,
1026 1798 1128 1873 sienis

143 1882 262 1944 collatis
275 1881 481 1944 dimicandum
492 1889 564 1944 erat.
581 1883 709 1945 contorti
719 1882 887 1945 subcuntes
900 1897 970 1946 oum
980 1883 1128 1956 clamore,
1243 1891 1244 1912 ¹

145 1973 260 2043 onpeto
274 1968 370 2042 lacto,
386 1967 518 2044 primum
532 1969 680 2044 expulere
694 1969 763 2029 loco
777 1966 891 2041 hostis,
907 1966 1020 2028 deinde
1037 1981 1130 2026 aver·

145 2061 219 2111 tere.
248 2051 320 2126 tuga
334 2051 407 2112 inda
421 2051 613 2126 caedesque,
635 2051 702 2112 suis
716 2051 803 2126 ipsos
817 2049 1055 2127 impedientibus
1072 2065 1129 2110 an·
1242 2089 1243 2138 p

143 2136 262 2209 gastris,
277 2135 344 2194 llari
359 2140 468 2208 coepta
483 2141 540 2194 est
559 2135 690 2194 Romani
704 2133 836 2196 victores
852 2136 893 2196 ad
907 2135 1009 2194 vicum
1022 2133 1130 2195 Maro·
1242 2141 1243 2145 ’

144 2218 325 2278 nitarum-
337 2215 434 2275 Saron
455 2218 846 2293 appellant—posuerunt
859 2223 970 2280 embra.
995 2224 1129 2293 postero

144 2299 193 2358 die
209 2299 323 2374 potanti
337 2298 444 2359 itincre
454 2297 603 2361 Pristinus
619 2315 746 2377 campus
758 2317 814 2363 eos
825 2303 961 2377 accepim
977 2299 1128 2362 biduum·

144 2397 205 2458 que
218 2381 260 2444 ibi
274 2381 458 2444 trumentum
472 2385 660 2461 accipientes
674 2393 852 2448 manserunt
863 2393 979 2462 partem
991 2400 1031 2445 ax
1041 2386 1129 2460 agris

144 2465 370 2543 Maronitarum,
386 2468 714 2546 conterentibusipsis,
728 2477 893 2545 potamau
904 2469 1037 2530 nauibus
1049 2469 1127 2544 suia,

145 2567 226 2624 quae
240 2568 309 2614 cum
325 2551 424 2612 omnis
438 2554 561 2628 generis
575 2559 746 2616 commeatu
758 2553 977 2629 sequebantur.
1009 2553 1049 2614 eb
1063 2559 1127 2616 cta·

145 2633 214 2696 tivis
227 2635 287 2696 diei
300 2634 349 2696 via
355 2636 552 2713 Apolloniam
563 2638 627 2701 tuit
648 2637 719 2698 bino
731 2653 786 2714 pao
792 2635 1006 2704 Abderitarum
1016 2651 1127 2712 aarum

144 2715 304 2794 Neapolim
327 2727 506 2796 perventum
526 2729 583 2784 ost.
618 2722 679 2784 boc
693 2737 785 2783 omna
798 2737 855 2798 per
869 2721 1058 2782 Graecorum
1072 2737 1126 2782 co·

144 2801 243 2863 ionias
262 2810 405 2876 pacatum
423 2802 480 2864 iter
495 2805 564 2877 brit,
579 2807 730 2880 reliquum
744 2807 815 2866 inde
828 2819 885 2880 per
898 2805 1018 2866 madico
1032 2803 1127 2865 'ibro-

144 2897 198 2944 ces
213 2884 281 2944 dies
295 2893 482 2960 noctesque,
497 2886 555 2945 etsi
569 2901 632 2945 non
646 2885 800 2962 intectum,
817 2895 917 2951 mmen
933 2896 1125 2964 suspectum,
1241 2905 1242 2954 l

144 2965 244 3026 donec
254 2965 285 3026 iu
295 2965 506 3027 Macedoniam
519 2977 733 3042 pervenerunt.
748 2972 883 3034 mitiores
894 2973 1029 3033 'lbmcas
1043 2971 1127 3032 idem
1241 2999 1242 3044 i

144 3047 307 3123 exercitus,
325 3065 394 3109 curn
405 3065 424 3109 a
436 3047 581 3125 Scipione
595 3053 704 3114 cadem
718 3054 769 3116 via
780 3057 951 3131 duceretur,
966 3057 1125 3130 babuerat,
1241 3045 1242 3086 ³

143 3133 256 3194 nullam
270 3133 310 3194 ob
325 3133 414 3193 aliam
429 3148 554 3196 causam
567 3153 659 3212 quam
672 3139 755 3214 quod
767 3141 902 3215 praedae
911 3139 1022 3214 miuus,
1038 3139 1123 3215 quod

144 3221 306 3292 peteretur,
321 3217 427 3292 iuerat,
443 3233 628 3296 quanquam
641 3229 705 3282 tum
721 3238 845 3299 quoque
855 3223 1002 3286 claudius
1017 3230 1125 3285 auctor

143 3305 191 3358 ast
210 3299 252 3359 ad
272 3299 447 3372 quindecim
467 3300 550 3364 milia
567 3305 716 3366 Thracum
739 3307 935 3381 praecedenti
955 3309 996 3368 ed
1014 3308 1123 3383 euplo-

142 3381 239 3442 randa
258 3382 329 3442 loca
343 3399 451 3457 agmen
464 3385 583 3450 Muttini
596 3389 744 3450 Numidae
764 3391 948 3453 occurrisse.
977 3391 1123 3468 madrin-
1240 3401 1241 3406 ’

141 3469 251 3534 gentos
266 3464 387 3537 equites
402 3468 498 3531 tuisse
511 3471 672 3547 Numidas,
688 3476 805 3548 paucos
820 3465 1019 3553 elephantem
1043 3475 1119 3536 blut·
1240 3493 1241 3510 ¹
