<?xml version="1.0" encoding="UTF-8"?>
<!DOCTYPE html PUBLIC "-//W3C//DTD XHTML 1.0 Transitional//EN"
    "http://www.w3.org/TR/xhtml1/DTD/xhtml1-transitional.dtd">
<html xmlns="http://www.w3.org/1999/xhtml" xml:lang="en" lang="en">
 <head>
  <title>
</title>
<meta http-equiv="Content-Type" content="text/html;charset=utf-8" />
  <meta name='ocr-system' content='tesseract 3.04.00' />
  <meta name='ocr-capabilities' content='ocr_page ocr_carea ocr_par ocr_line ocrx_word'/>
</head>
<body>
  <div class='ocr_page' id='page_1' title='image "./titiliviaburbec08livygoog_0340.png"; bbox 0 0 2506 3898; ppageno 0'>
   <div class='ocr_carea' id='block_1_1' title="bbox 312 201 1109 287">
    <p class='ocr_par' dir='ltr' id='par_1_1' title="bbox 312 201 1109 287">
     <span class='ocr_line' id='line_1_1' title="bbox 312 201 1109 287; baseline 0.014 -24"><span class='ocrx_word' id='word_1_1' title='bbox 312 201 588 267; x_wconf 74' lang='lat' dir='ltr'><strong>ttBERxxxvtt.</strong></span> <span class='ocrx_word' id='word_1_2' title='bbox 610 207 748 282; x_wconf 66' lang='lat' dir='ltr'><strong>caeso.</strong></span> <span class='ocrx_word' id='word_1_3' title='bbox 771 213 853 282; x_wconf 64' lang='lat' dir='ltr'><strong>[ac.</strong></span> <span class='ocrx_word' id='word_1_4' title='bbox 867 209 929 287; x_wconf 84' lang='lat' dir='ltr'><strong>1an</strong></span> <span class='ocrx_word' id='word_1_5' title='bbox 1046 207 1109 274; x_wconf 79' lang='lat'><strong>311</strong></span> 
     </span>
    </p>
   </div>
   <div class='ocr_carea' id='block_1_2' title="bbox 18 357 1111 604">
    <p class='ocr_par' dir='ltr' id='par_1_2' title="bbox 18 325 1111 604">
     <span class='ocr_line' id='line_1_2' title="bbox 126 357 1110 434; baseline 0.004 -16.611"><span class='ocrx_word' id='word_1_6' title='bbox 126 365 291 432; x_wconf 77' lang='lat' dir='ltr'><strong>antequam</strong></span> <span class='ocrx_word' id='word_1_7' title='bbox 306 357 477 428; x_wconf 86' lang='lat' dir='ltr'><strong>haberetis,</strong></span> <span class='ocrx_word' id='word_1_8' title='bbox 493 373 550 419; x_wconf 91' lang='lat' dir='ltr'><strong>nec</strong></span> <span class='ocrx_word' id='word_1_9' title='bbox 565 375 655 434; x_wconf 80' lang='lat' dir='ltr'><strong>nunc,</strong></span> <span class='ocrx_word' id='word_1_10' title='bbox 671 373 741 421; x_wconf 87' lang='lat' dir='ltr'><strong>curn</strong></span> <span class='ocrx_word' id='word_1_11' title='bbox 755 358 840 422; x_wconf 87' lang='lat' dir='ltr'><strong>orbis</strong></span> <span class='ocrx_word' id='word_1_12' title='bbox 855 369 1003 421; x_wconf 87' lang='lat' dir='ltr'><strong>terrarum</strong></span> <span class='ocrx_word' id='word_1_13' title='bbox 1018 359 1048 420; x_wconf 92' lang='lat' dir='ltr'><strong>in</strong></span> <span class='ocrx_word' id='word_1_14' title='bbox 1064 361 1110 421; x_wconf 92' lang='lat' dir='ltr'><strong>di·</strong></span> 
     </span>
     <span class='ocr_line' id='line_1_3' title="bbox 19 439 1111 524; baseline 0.004 -23"><span class='ocrx_word' id='word_1_15' title='bbox 19 483 22 524; x_wconf 66' lang='lat'><strong>,</strong></span> <span class='ocrx_word' id='word_1_16' title='bbox 125 440 216 502; x_wconf 90' lang='lat' dir='ltr'><strong>cione</strong></span> <span class='ocrx_word' id='word_1_17' title='bbox 231 447 334 502; x_wconf 85' lang='lat' dir='ltr'><strong>vestra</strong></span> <span class='ocrx_word' id='word_1_18' title='bbox 348 439 402 515; x_wconf 90' lang='lat' dir='ltr'><strong>sit,</strong></span> <span class='ocrx_word' id='word_1_19' title='bbox 424 457 539 518; x_wconf 89' lang='lat' dir='ltr'><strong>cupere</strong></span> <span class='ocrx_word' id='word_1_20' title='bbox 559 441 700 518; x_wconf 83' lang='lat' dir='ltr'><strong>potestis.</strong></span> <span class='ocrx_word' id='word_1_21' title='bbox 734 460 792 519; x_wconf 92' lang='lat' dir='ltr'><strong>pro</strong></span> <span class='ocrx_word' id='word_1_22' title='bbox 808 444 954 521; x_wconf 75' lang='lat' dir='ltr'><strong>dignitate</strong></span> <span class='ocrx_word' id='word_1_23' title='bbox 968 451 1000 506; x_wconf 87' lang='lat' dir='ltr'><strong>et</strong></span> <span class='ocrx_word' id='word_1_24' title='bbox 1012 445 1111 519; x_wconf 82' lang='lat' dir='ltr'><strong>gloria</strong></span> 
     </span>
     <span class='ocr_line' id='line_1_4' title="bbox 18 525 1108 604; baseline 0.004 -19"><span class='ocrx_word' id='word_1_25' title='bbox 18 527 21 574; x_wconf 84' lang='lat' dir='ltr'><strong>t</strong></span> <span class='ocrx_word' id='word_1_26' title='bbox 125 526 210 602; x_wconf 88' lang='lat' dir='ltr'><strong>apud</strong></span> <span class='ocrx_word' id='word_1_27' title='bbox 226 525 496 586; x_wconf 83' lang='lat' dir='ltr'><strong>omneltumanum</strong></span> <span class='ocrx_word' id='word_1_28' title='bbox 510 528 874 603; x_wconf 78' lang='lat' dir='ltr'><strong>genus,·quod·vestmm</strong></span> <span class='ocrx_word' id='word_1_29' title='bbox 885 526 1108 604; x_wconf 77' lang='lat' dir='ltr'><strong>nomenimpe</strong></span> 
     </span>
    </p>
   </div>
   <div class='ocr_carea' id='block_1_3' title="bbox 16 609 1109 772">
    <p class='ocr_par' dir='ltr' id='par_1_3' title="bbox 16 609 1109 772">
     <span class='ocr_line' id='line_1_5' title="bbox 18 609 1109 688; baseline 0.005 -20"><span class='ocrx_word' id='word_1_30' title='bbox 18 609 20 626; x_wconf 83' lang='lat'><strong>²</strong></span> <span class='ocrx_word' id='word_1_31' title='bbox 123 611 265 684; x_wconf 80' lang='lat' dir='ltr'><strong>riumque</strong></span> <span class='ocrx_word' id='word_1_32' title='bbox 284 609 371 671; x_wconf 83' lang='lat' dir='ltr'><strong>iuxta</strong></span> <span class='ocrx_word' id='word_1_33' title='bbox 390 625 428 670; x_wconf 88' lang='lat' dir='ltr'><strong>ac</strong></span> <span class='ocrx_word' id='word_1_34' title='bbox 442 610 520 671; x_wconf 83' lang='lat' dir='ltr'><strong>dees</strong></span> <span class='ocrx_word' id='word_1_35' title='bbox 540 610 726 672; x_wconf 86' lang='lat' dir='ltr'><strong>immortales</strong></span> <span class='ocrx_word' id='word_1_36' title='bbox 746 611 808 672; x_wconf 89' lang='lat' dir='ltr'><strong>iam</strong></span> <span class='ocrx_word' id='word_1_37' title='bbox 827 613 946 688; x_wconf 80' lang='lat' dir='ltr'><strong>pridem</strong></span> <span class='ocrx_word' id='word_1_38' title='bbox 965 613 1109 688; x_wconf 86' lang='lat' dir='ltr'><strong>intuetur,</strong></span> 
     </span>
     <span class='ocr_line' id='line_1_6' title="bbox 16 693 1108 772; baseline 0.009 -24"><span class='ocrx_word' id='word_1_39' title='bbox 16 693 18 748; x_wconf 67' lang='grc' dir='ltr'><strong><em>ἓ</em></strong></span> <span class='ocrx_word' id='word_1_40' title='bbox 124 695 295 770; x_wconf 78' lang='lat' dir='ltr'><strong>pugnastis.</strong></span> <span class='ocrx_word' id='word_1_41' title='bbox 325 709 405 769; x_wconf 87' lang='lat' dir='ltr'><strong>quae</strong></span> <span class='ocrx_word' id='word_1_42' title='bbox 420 703 577 769; x_wconf 83' lang='lat' dir='ltr'><strong>parareet</strong></span> <span class='ocrx_word' id='word_1_43' title='bbox 590 709 738 772; x_wconf 83' lang='lat' dir='ltr'><strong>quaerere</strong></span> <span class='ocrx_word' id='word_1_44' title='bbox 757 696 889 759; x_wconf 86' lang='lat' dir='ltr'><strong>arduum</strong></span> <span class='ocrx_word' id='word_1_45' title='bbox 910 696 980 772; x_wconf 87' lang='lat' dir='ltr'><strong>luit,</strong></span> <span class='ocrx_word' id='word_1_46' title='bbox 1001 697 1108 758; x_wconf 88' lang='lat' dir='ltr'><strong>nascio</strong></span> 
     </span>
    </p>
   </div>
   <div class='ocr_carea' id='block_1_4' title="bbox 119 777 1108 1862">
    <p class='ocr_par' dir='ltr' id='par_1_4' title="bbox 119 777 1108 1862">
     <span class='ocr_line' id='line_1_7' title="bbox 124 777 1108 855; baseline 0.003 -17"><span class='ocrx_word' id='word_1_47' title='bbox 124 793 163 838; x_wconf 89' lang='lat' dir='ltr'><strong>on</strong></span> <span class='ocrx_word' id='word_1_48' title='bbox 178 777 256 838; x_wconf 86' lang='lat' dir='ltr'><strong>tueri</strong></span> <span class='ocrx_word' id='word_1_49' title='bbox 271 777 426 839; x_wconf 84' lang='lat' dir='ltr'><strong>difficilius</strong></span> <span class='ocrx_word' id='word_1_50' title='bbox 439 780 481 840; x_wconf 89' lang='lat' dir='ltr'><strong>sit</strong></span> <span class='ocrx_word' id='word_1_51' title='bbox 510 781 613 855; x_wconf 75' lang='lat' dir='ltr'><strong>gantis</strong></span> <span class='ocrx_word' id='word_1_52' title='bbox 634 779 863 842; x_wconf 80' lang='lat' dir='ltr'><strong>vetusdssimae</strong></span> <span class='ocrx_word' id='word_1_53' title='bbox 882 781 1108 843; x_wconf 72' lang='lat' dir='ltr'><strong>nobilissimae·</strong></span> 
     </span>
     <span class='ocr_line' id='line_1_8' title="bbox 125 863 1108 938; baseline 0.001 -15"><span class='ocrx_word' id='word_1_54' title='bbox 125 877 187 938; x_wconf 88' lang='lat' dir='ltr'><strong>que</strong></span> <span class='ocrx_word' id='word_1_55' title='bbox 201 863 250 922; x_wconf 88' lang='lat' dir='ltr'><strong>vel</strong></span> <span class='ocrx_word' id='word_1_56' title='bbox 271 863 352 922; x_wconf 87' lang='lat' dir='ltr'><strong>lama</strong></span> <span class='ocrx_word' id='word_1_57' title='bbox 371 877 473 924; x_wconf 86' lang='lat' dir='ltr'><strong>rerum</strong></span> <span class='ocrx_word' id='word_1_58' title='bbox 493 871 648 938; x_wconf 81' lang='lat' dir='ltr'><strong>gestarum</strong></span> <span class='ocrx_word' id='word_1_59' title='bbox 669 865 717 924; x_wconf 84' lang='lat' dir='ltr'><strong>vel</strong></span> <span class='ocrx_word' id='word_1_60' title='bbox 729 865 821 924; x_wconf 36' lang='lat' dir='ltr'><strong>somni</strong></span> <span class='ocrx_word' id='word_1_61' title='bbox 842 865 1108 926; x_wconf 82' lang='lat' dir='ltr'><strong>commendatione</strong></span> 
     </span>
     <span class='ocr_line' id='line_1_9' title="bbox 123 945 1106 1025; baseline 0.004 -21"><span class='ocrx_word' id='word_1_62' title='bbox 123 945 320 1008; x_wconf 85' lang='lat' dir='ltr'><strong>humanitatis</strong></span> <span class='ocrx_word' id='word_1_63' title='bbox 344 946 615 1024; x_wconf 86' lang='lat' dir='ltr'><strong>doctrinarumque</strong></span> <span class='ocrx_word' id='word_1_64' title='bbox 642 949 785 1009; x_wconf 89' lang='lat' dir='ltr'><strong>tuendam</strong></span> <span class='ocrx_word' id='word_1_65' title='bbox 809 949 849 1009; x_wconf 91' lang='lat' dir='ltr'><strong>ab</strong></span> <span class='ocrx_word' id='word_1_66' title='bbox 873 947 999 1011; x_wconf 87' lang='lat' dir='ltr'><strong>servitio</strong></span> <span class='ocrx_word' id='word_1_67' title='bbox 1019 948 1106 1025; x_wconf 82' lang='lat' dir='ltr'><strong>regio</strong></span> 
     </span>
     <span class='ocr_line' id='line_1_10' title="bbox 123 1029 1107 1108; baseline 0.003 -19"><span class='ocrx_word' id='word_1_68' title='bbox 123 1030 292 1092; x_wconf 86' lang='lat' dir='ltr'><strong>libertatem</strong></span> <span class='ocrx_word' id='word_1_69' title='bbox 308 1029 500 1105; x_wconf 81' lang='lat' dir='ltr'><strong>suscepistis.</strong></span> <span class='ocrx_word' id='word_1_70' title='bbox 514 1031 584 1093; x_wconf 85' lang='lat' dir='ltr'><strong>boc</strong></span> <span class='ocrx_word' id='word_1_71' title='bbox 595 1031 798 1107; x_wconf 72' lang='lat' dir='ltr'><strong>patrocinium</strong></span> <span class='ocrx_word' id='word_1_72' title='bbox 811 1041 955 1108; x_wconf 85' lang='lat' dir='ltr'><strong>receptae</strong></span> <span class='ocrx_word' id='word_1_73' title='bbox 968 1033 999 1092; x_wconf 94' lang='lat' dir='ltr'><strong>in</strong></span> <span class='ocrx_word' id='word_1_74' title='bbox 1013 1033 1107 1092; x_wconf 88' lang='lat' dir='ltr'><strong>lldcm</strong></span> 
     </span>
     <span class='ocr_line' id='line_1_11' title="bbox 123 1115 1106 1192; baseline 0.002 -18"><span class='ocrx_word' id='word_1_75' title='bbox 123 1122 156 1174; x_wconf 88' lang='lat' dir='ltr'><strong>et</strong></span> <span class='ocrx_word' id='word_1_76' title='bbox 174 1115 343 1175; x_wconf 87' lang='lat' dir='ltr'><strong>clientelam</strong></span> <span class='ocrx_word' id='word_1_77' title='bbox 367 1121 502 1174; x_wconf 90' lang='lat' dir='ltr'><strong>vestram</strong></span> <span class='ocrx_word' id='word_1_78' title='bbox 527 1115 692 1176; x_wconf 86' lang='lat' dir='ltr'><strong>universae</strong></span> <span class='ocrx_word' id='word_1_79' title='bbox 714 1117 815 1191; x_wconf 82' lang='lat' dir='ltr'><strong>gentis</strong></span> <span class='ocrx_word' id='word_1_80' title='bbox 840 1123 1024 1192; x_wconf 86' lang='lat' dir='ltr'><strong>perpetuum</strong></span> <span class='ocrx_word' id='word_1_81' title='bbox 1047 1133 1106 1178; x_wconf 88' lang='lat' dir='ltr'><strong>vos</strong></span> 
     </span>
     <span class='ocr_line' id='line_1_12' title="bbox 121 1199 1107 1276; baseline 0.002 -18"><span class='ocrx_word' id='word_1_82' title='bbox 121 1205 282 1274; x_wconf 86' lang='lat' dir='ltr'><strong>praestare</strong></span> <span class='ocrx_word' id='word_1_83' title='bbox 308 1199 405 1260; x_wconf 89' lang='lat' dir='ltr'><strong>dccet.</strong></span> <span class='ocrx_word' id='word_1_84' title='bbox 439 1215 499 1260; x_wconf 91' lang='lat' dir='ltr'><strong>non</strong></span> <span class='ocrx_word' id='word_1_85' title='bbox 527 1215 607 1275; x_wconf 87' lang='lat' dir='ltr'><strong>quae</strong></span> <span class='ocrx_word' id='word_1_86' title='bbox 623 1199 662 1259; x_wconf 78' lang='lat' dir='ltr'><strong>in</strong></span> <span class='ocrx_word' id='word_1_87' title='bbox 683 1201 752 1260; x_wconf 93' lang='lat' dir='ltr'><strong>solo</strong></span> <span class='ocrx_word' id='word_1_88' title='bbox 769 1200 865 1262; x_wconf 90' lang='lat' dir='ltr'><strong>modo</strong></span> <span class='ocrx_word' id='word_1_89' title='bbox 886 1199 1014 1276; x_wconf 89' lang='lat' dir='ltr'><strong>antiquo</strong></span> <span class='ocrx_word' id='word_1_90' title='bbox 1035 1207 1107 1260; x_wconf 87' lang='lat' dir='ltr'><strong>sunt</strong></span> 
     </span>
     <span class='ocr_line' id='line_1_13' title="bbox 123 1281 1107 1358; baseline 0.002 -16"><span class='ocrx_word' id='word_1_91' title='bbox 123 1282 260 1343; x_wconf 80' lang='lat' dir='ltr'><strong>Graecae</strong></span> <span class='ocrx_word' id='word_1_92' title='bbox 279 1281 492 1358; x_wconf 82' lang='lat' dir='ltr'><strong>maglsurbes</strong></span> <span class='ocrx_word' id='word_1_93' title='bbox 516 1291 588 1344; x_wconf 91' lang='lat' dir='ltr'><strong>sunt</strong></span> <span class='ocrx_word' id='word_1_94' title='bbox 609 1299 701 1358; x_wconf 88' lang='lat' dir='ltr'><strong>quam</strong></span> <span class='ocrx_word' id='word_1_95' title='bbox 722 1283 864 1346; x_wconf 87' lang='lat' dir='ltr'><strong>coloniae</strong></span> <span class='ocrx_word' id='word_1_96' title='bbox 884 1299 1003 1357; x_wconf 87' lang='lat' dir='ltr'><strong>carum,</strong></span> <span class='ocrx_word' id='word_1_97' title='bbox 1024 1284 1107 1344; x_wconf 91' lang='lat' dir='ltr'><strong>illinc</strong></span> 
     </span>
     <span class='ocr_line' id='line_1_14' title="bbox 123 1366 1107 1442; baseline 0.002 -16"><span class='ocrx_word' id='word_1_98' title='bbox 123 1367 280 1440; x_wconf 88' lang='lat' dir='ltr'><strong>quondam</strong></span> <span class='ocrx_word' id='word_1_99' title='bbox 295 1367 452 1442; x_wconf 83' lang='lat' dir='ltr'><strong>protectae</strong></span> <span class='ocrx_word' id='word_1_100' title='bbox 473 1367 503 1426; x_wconf 90' lang='lat' dir='ltr'><strong>in</strong></span> <span class='ocrx_word' id='word_1_101' title='bbox 518 1366 642 1437; x_wconf 76' lang='lat' dir='ltr'><strong>Asiam3</strong></span> <span class='ocrx_word' id='word_1_102' title='bbox 664 1383 723 1428; x_wconf 91' lang='lat' dir='ltr'><strong>nec</strong></span> <span class='ocrx_word' id='word_1_103' title='bbox 742 1375 824 1428; x_wconf 88' lang='lat' dir='ltr'><strong>terra</strong></span> <span class='ocrx_word' id='word_1_104' title='bbox 844 1375 959 1429; x_wconf 88' lang='lat' dir='ltr'><strong>mutata</strong></span> <span class='ocrx_word' id='word_1_105' title='bbox 981 1367 1107 1428; x_wconf 76' lang='lat' dir='ltr'><strong>mumvit</strong></span> 
     </span>
     <span class='ocr_line' id='line_1_15' title="bbox 120 1451 1107 1528; baseline 0.002 -18"><span class='ocrx_word' id='word_1_106' title='bbox 120 1466 221 1526; x_wconf 82' lang='lat' dir='ltr'><strong>genas</strong></span> <span class='ocrx_word' id='word_1_107' title='bbox 236 1460 289 1511; x_wconf 88' lang='lat' dir='ltr'><strong>aut</strong></span> <span class='ocrx_word' id='word_1_108' title='bbox 299 1465 414 1512; x_wconf 88' lang='lat' dir='ltr'><strong>mores.</strong></span> <span class='ocrx_word' id='word_1_109' title='bbox 442 1459 561 1512; x_wconf 80' lang='lat' dir='ltr'><strong>certare</strong></span> <span class='ocrx_word' id='word_1_110' title='bbox 580 1452 632 1528; x_wconf 91' lang='lat' dir='ltr'><strong>pio</strong></span> <span class='ocrx_word' id='word_1_111' title='bbox 647 1452 813 1512; x_wconf 86' lang='lat' dir='ltr'><strong>cartamine</strong></span> <span class='ocrx_word' id='word_1_112' title='bbox 828 1451 992 1512; x_wconf 87' lang='lat' dir='ltr'><strong>cuiuslibet</strong></span> <span class='ocrx_word' id='word_1_113' title='bbox 1004 1451 1107 1514; x_wconf 86' lang='lat' dir='ltr'><strong>bonae</strong></span> 
     </span>
     <span class='ocr_line' id='line_1_16' title="bbox 120 1533 1104 1612; baseline 0.002 -18"><span class='ocrx_word' id='word_1_114' title='bbox 120 1533 196 1595; x_wconf 87' lang='lat' dir='ltr'><strong>artis</strong></span> <span class='ocrx_word' id='word_1_115' title='bbox 211 1549 248 1594; x_wconf 86' lang='lat' dir='ltr'><strong>ac</strong></span> <span class='ocrx_word' id='word_1_116' title='bbox 262 1536 380 1596; x_wconf 90' lang='lat' dir='ltr'><strong>virtutis</strong></span> <span class='ocrx_word' id='word_1_117' title='bbox 393 1535 463 1596; x_wconf 89' lang='lat' dir='ltr'><strong>ausi</strong></span> <span class='ocrx_word' id='word_1_118' title='bbox 478 1551 585 1596; x_wconf 89' lang='lat' dir='ltr'><strong>sumus</strong></span> <span class='ocrx_word' id='word_1_119' title='bbox 601 1552 670 1597; x_wconf 89' lang='lat' dir='ltr'><strong>cum</strong></span> <span class='ocrx_word' id='word_1_120' title='bbox 686 1535 865 1612; x_wconf 88' lang='lat' dir='ltr'><strong>parentibus</strong></span> <span class='ocrx_word' id='word_1_121' title='bbox 878 1551 1022 1612; x_wconf 87' lang='lat' dir='ltr'><strong>quaeque</strong></span> <span class='ocrx_word' id='word_1_122' title='bbox 1032 1537 1104 1596; x_wconf 91' lang='lat' dir='ltr'><strong>civi·</strong></span> 
     </span>
     <span class='ocr_line' id='line_1_17' title="bbox 120 1619 1106 1694; baseline 0.003 -17"><span class='ocrx_word' id='word_1_123' title='bbox 120 1623 169 1680; x_wconf 88' lang='lat' dir='ltr'><strong>tas</strong></span> <span class='ocrx_word' id='word_1_124' title='bbox 190 1625 221 1678; x_wconf 90' lang='lat' dir='ltr'><strong>et</strong></span> <span class='ocrx_word' id='word_1_125' title='bbox 241 1619 450 1680; x_wconf 82' lang='lat' dir='ltr'><strong>conditoribus</strong></span> <span class='ocrx_word' id='word_1_126' title='bbox 472 1621 547 1681; x_wconf 89' lang='lat' dir='ltr'><strong>suis.</strong></span> <span class='ocrx_word' id='word_1_127' title='bbox 581 1620 690 1682; x_wconf 90' lang='lat' dir='ltr'><strong>adistis</strong></span> <span class='ocrx_word' id='word_1_128' title='bbox 705 1621 866 1694; x_wconf 85' lang='lat' dir='ltr'><strong>Graeciae,</strong></span> <span class='ocrx_word' id='word_1_129' title='bbox 887 1619 995 1682; x_wconf 88' lang='lat' dir='ltr'><strong>adistis</strong></span> <span class='ocrx_word' id='word_1_130' title='bbox 1009 1621 1106 1681; x_wconf 83' lang='lat' dir='ltr'><strong>Asiae</strong></span> 
     </span>
     <span class='ocr_line' id='line_1_18' title="bbox 120 1703 1107 1780; baseline 0.001 -18"><span class='ocrx_word' id='word_1_131' title='bbox 120 1703 215 1776; x_wconf 89' lang='lat' dir='ltr'><strong>urbes</strong></span> <span class='ocrx_word' id='word_1_132' title='bbox 231 1703 386 1778; x_wconf 86' lang='lat' dir='ltr'><strong>plerique:</strong></span> <span class='ocrx_word' id='word_1_133' title='bbox 408 1703 468 1762; x_wconf 92' lang='lat' dir='ltr'><strong>nisi</strong></span> <span class='ocrx_word' id='word_1_134' title='bbox 483 1705 569 1778; x_wconf 92' lang='lat' dir='ltr'><strong>quod</strong></span> <span class='ocrx_word' id='word_1_135' title='bbox 582 1704 705 1780; x_wconf 86' lang='lat' dir='ltr'><strong>longius</strong></span> <span class='ocrx_word' id='word_1_136' title='bbox 716 1721 735 1764; x_wconf 92' lang='lat' dir='ltr'><strong>a</strong></span> <span class='ocrx_word' id='word_1_137' title='bbox 747 1703 837 1766; x_wconf 91' lang='lat' dir='ltr'><strong>vobis</strong></span> <span class='ocrx_word' id='word_1_138' title='bbox 848 1705 1006 1776; x_wconf 89' lang='lat' dir='ltr'><strong>absumus,</strong></span> <span class='ocrx_word' id='word_1_139' title='bbox 1023 1706 1107 1764; x_wconf 86' lang='lat' dir='ltr'><strong>nulla</strong></span> 
     </span>
     <span class='ocr_line' id='line_1_19' title="bbox 119 1785 1107 1862; baseline 0.002 -16"><span class='ocrx_word' id='word_1_140' title='bbox 119 1785 272 1846; x_wconf 87' lang='lat' dir='ltr'><strong>vincimur</strong></span> <span class='ocrx_word' id='word_1_141' title='bbox 285 1787 345 1846; x_wconf 84' lang='lat' dir='ltr'><strong>alia</strong></span> <span class='ocrx_word' id='word_1_142' title='bbox 354 1799 398 1845; x_wconf 86' lang='lat' dir='ltr'><strong>re.</strong></span> <span class='ocrx_word' id='word_1_143' title='bbox 417 1785 636 1862; x_wconf 83' lang='lat' dir='ltr'><strong>Massiliensis,</strong></span> <span class='ocrx_word' id='word_1_144' title='bbox 653 1803 742 1862; x_wconf 89' lang='lat' dir='ltr'><strong>quos,</strong></span> <span class='ocrx_word' id='word_1_145' title='bbox 758 1789 785 1848; x_wconf 87' lang='lat' dir='ltr'><strong>si</strong></span> <span class='ocrx_word' id='word_1_146' title='bbox 799 1795 907 1850; x_wconf 89' lang='lat' dir='ltr'><strong>natura</strong></span> <span class='ocrx_word' id='word_1_147' title='bbox 920 1787 1012 1848; x_wconf 85' lang='lat' dir='ltr'><strong>insita</strong></span> <span class='ocrx_word' id='word_1_148' title='bbox 1024 1789 1107 1848; x_wconf 88' lang='lat' dir='ltr'><strong>velut</strong></span> 
     </span>
    </p>
   </div>
   <div class='ocr_carea' id='block_1_5' title="bbox 1 1869 1106 1947">
    <p class='ocr_par' dir='ltr' id='par_1_5' title="bbox 1 1869 1106 1947">
     <span class='ocr_line' id='line_1_20' title="bbox 1 1869 1106 1947; baseline 0.002 -18"><span class='ocrx_word' id='word_1_149' title='bbox 1 1893 2 1898; x_wconf 40' lang='lat'>¹</span> <span class='ocrx_word' id='word_1_150' title='bbox 119 1871 245 1945; x_wconf 81' lang='lat' dir='ltr'><strong>ingenio</strong></span> <span class='ocrx_word' id='word_1_151' title='bbox 266 1878 367 1931; x_wconf 85' lang='lat' dir='ltr'><strong>tarrae</strong></span> <span class='ocrx_word' id='word_1_152' title='bbox 386 1869 468 1930; x_wconf 90' lang='lat' dir='ltr'><strong>vinci</strong></span> <span class='ocrx_word' id='word_1_153' title='bbox 488 1878 612 1947; x_wconf 83' lang='lat' dir='ltr'><strong>posset,</strong></span> <span class='ocrx_word' id='word_1_154' title='bbox 628 1872 698 1931; x_wconf 44' lang='lat' dir='ltr'><strong>*inm</strong></span> <span class='ocrx_word' id='word_1_155' title='bbox 719 1870 836 1946; x_wconf 86' lang='lat' dir='ltr'><strong>pridem</strong></span> <span class='ocrx_word' id='word_1_156' title='bbox 858 1872 1041 1931; x_wconf 83' lang='lat' dir='ltr'><strong>efferassent</strong></span> <span class='ocrx_word' id='word_1_157' title='bbox 1060 1879 1106 1932; x_wconf 89' lang='lat' dir='ltr'><strong>tot</strong></span> 
     </span>
    </p>
   </div>
   <div class='ocr_carea' id='block_1_6' title="bbox 119 1952 1105 2282">
    <p class='ocr_par' dir='ltr' id='par_1_6' title="bbox 119 1952 1105 2282">
     <span class='ocr_line' id='line_1_21' title="bbox 119 1952 1105 2031; baseline 0.002 -19"><span class='ocrx_word' id='word_1_158' title='bbox 119 1952 287 2016; x_wconf 86' lang='lat' dir='ltr'><strong>indomitae</strong></span> <span class='ocrx_word' id='word_1_159' title='bbox 302 1955 506 2015; x_wconf 80' lang='lat' dir='ltr'><strong>circumfusae</strong></span> <span class='ocrx_word' id='word_1_160' title='bbox 520 1953 689 2031; x_wconf 55' lang='lat' dir='ltr'><strong>ganiman</strong></span> <span class='ocrx_word' id='word_1_161' title='bbox 705 1971 743 2016; x_wconf 93' lang='lat' dir='ltr'><strong>eo</strong></span> <span class='ocrx_word' id='word_1_162' title='bbox 757 1955 885 2028; x_wconf 88' lang='lat' dir='ltr'><strong>honore,</strong></span> <span class='ocrx_word' id='word_1_163' title='bbox 900 1954 931 2014; x_wconf 90' lang='lat' dir='ltr'><strong>in</strong></span> <span class='ocrx_word' id='word_1_164' title='bbox 946 1955 1105 2015; x_wconf 75' lang='lat' dir='ltr'><strong>eta-merito</strong></span> 
     </span>
     <span class='ocr_line' id='line_1_22' title="bbox 119 2036 1105 2116; baseline 0.001 -19"><span class='ocrx_word' id='word_1_165' title='bbox 119 2036 267 2112; x_wconf 79' lang='lat' dir='ltr'><strong>dignitate</strong></span> <span class='ocrx_word' id='word_1_166' title='bbox 279 2039 422 2099; x_wconf 87' lang='lat' dir='ltr'><strong>audimus</strong></span> <span class='ocrx_word' id='word_1_167' title='bbox 435 2040 520 2115; x_wconf 90' lang='lat' dir='ltr'><strong>apud</strong></span> <span class='ocrx_word' id='word_1_168' title='bbox 531 2055 588 2101; x_wconf 90' lang='lat' dir='ltr'><strong>vos</strong></span> <span class='ocrx_word' id='word_1_169' title='bbox 599 2055 680 2116; x_wconf 88' lang='lat' dir='ltr'><strong>esse,</strong></span> <span class='ocrx_word' id='word_1_170' title='bbox 695 2055 732 2101; x_wconf 86' lang='lat' dir='ltr'><strong>ac</strong></span> <span class='ocrx_word' id='word_1_171' title='bbox 743 2038 771 2100; x_wconf 90' lang='lat' dir='ltr'><strong>si</strong></span> <span class='ocrx_word' id='word_1_172' title='bbox 782 2039 917 2100; x_wconf 87' lang='lat' dir='ltr'><strong>medium</strong></span> <span class='ocrx_word' id='word_1_173' title='bbox 928 2037 1105 2098; x_wconf 88' lang='lat' dir='ltr'><strong>umbilicum</strong></span> 
     </span>
     <span class='ocr_line' id='line_1_23' title="bbox 121 2119 1105 2198; baseline 0.001 -16"><span class='ocrx_word' id='word_1_174' title='bbox 121 2121 268 2184; x_wconf 75' lang='lat' dir='ltr'><strong>Graeciae</strong></span> <span class='ocrx_word' id='word_1_175' title='bbox 283 2123 459 2185; x_wconf 87' lang='lat' dir='ltr'><strong>incolerent.</strong></span> <span class='ocrx_word' id='word_1_176' title='bbox 482 2141 542 2185; x_wconf 91' lang='lat' dir='ltr'><strong>non</strong></span> <span class='ocrx_word' id='word_1_177' title='bbox 559 2123 639 2184; x_wconf 86' lang='lat' dir='ltr'><strong>enim</strong></span> <span class='ocrx_word' id='word_1_178' title='bbox 650 2124 866 2185; x_wconf 84' lang='lat' dir='ltr'><strong>sonum-modo</strong></span> <span class='ocrx_word' id='word_1_179' title='bbox 878 2121 1001 2198; x_wconf 82' lang='lat' dir='ltr'><strong>linguae</strong></span> <span class='ocrx_word' id='word_1_180' title='bbox 1011 2119 1105 2183; x_wconf 86' lang='lat' dir='ltr'><strong>vesti·</strong></span> 
     </span>
     <span class='ocr_line' id='line_1_24' title="bbox 119 2205 1103 2282; baseline -0.002 -15"><span class='ocrx_word' id='word_1_181' title='bbox 119 2215 247 2282; x_wconf 89' lang='lat' dir='ltr'><strong>tumque</strong></span> <span class='ocrx_word' id='word_1_182' title='bbox 260 2217 291 2269; x_wconf 90' lang='lat' dir='ltr'><strong>et</strong></span> <span class='ocrx_word' id='word_1_183' title='bbox 304 2207 454 2280; x_wconf 88' lang='lat' dir='ltr'><strong>habitum,</strong></span> <span class='ocrx_word' id='word_1_184' title='bbox 477 2209 534 2270; x_wconf 89' lang='lat' dir='ltr'><strong>sed</strong></span> <span class='ocrx_word' id='word_1_185' title='bbox 549 2217 620 2270; x_wconf 89' lang='lat' dir='ltr'><strong>ante</strong></span> <span class='ocrx_word' id='word_1_186' title='bbox 634 2207 737 2270; x_wconf 88' lang='lat' dir='ltr'><strong>omnia</strong></span> <span class='ocrx_word' id='word_1_187' title='bbox 751 2223 855 2270; x_wconf 85' lang='lat' dir='ltr'><strong>mores</strong></span> <span class='ocrx_word' id='word_1_188' title='bbox 870 2209 1000 2282; x_wconf 85' lang='lat' dir='ltr'><strong>etleges</strong></span> <span class='ocrx_word' id='word_1_189' title='bbox 1015 2213 1046 2267; x_wconf 91' lang='lat' dir='ltr'><strong>et</strong></span> <span class='ocrx_word' id='word_1_190' title='bbox 1059 2205 1103 2265; x_wconf 90' lang='lat' dir='ltr'><strong>in-</strong></span> 
     </span>
    </p>
   </div>
   <div class='ocr_carea' id='block_1_7' title="bbox 119 2290 1213 2368">
    <p class='ocr_par' dir='ltr' id='par_1_7' title="bbox 119 2290 1213 2368">
     <span class='ocr_line' id='line_1_25' title="bbox 119 2290 1213 2368; baseline -0.001 -18"><span class='ocrx_word' id='word_1_191' title='bbox 119 2290 243 2366; x_wconf 73' lang='lat' dir='ltr'><strong>genium</strong></span> <span class='ocrx_word' id='word_1_192' title='bbox 268 2292 423 2352; x_wconf 88' lang='lat' dir='ltr'><strong>sincerum</strong></span> <span class='ocrx_word' id='word_1_193' title='bbox 448 2293 662 2368; x_wconf 80' lang='lat' dir='ltr'><strong>integrumque</strong></span> <span class='ocrx_word' id='word_1_194' title='bbox 682 2311 702 2353; x_wconf 88' lang='lat' dir='ltr'><strong>a</strong></span> <span class='ocrx_word' id='word_1_195' title='bbox 722 2291 905 2367; x_wconf 78' lang='lat' dir='ltr'><strong>contagione</strong></span> <span class='ocrx_word' id='word_1_196' title='bbox 929 2292 1105 2354; x_wconf 82' lang='lat' dir='ltr'><strong>accolarum</strong></span> <span class='ocrx_word' id='word_1_197' title='bbox 1210 2333 1213 2340; x_wconf 63' lang='lat'><strong>.</strong></span> 
     </span>
    </p>
   </div>
   <div class='ocr_carea' id='block_1_8' title="bbox 117 2375 1106 3378">
    <p class='ocr_par' dir='ltr' id='par_1_8' title="bbox 117 2375 1106 3378">
     <span class='ocr_line' id='line_1_26' title="bbox 119 2375 1103 2452; baseline -0.003 -17"><span class='ocrx_word' id='word_1_198' title='bbox 119 2385 292 2436; x_wconf 85' lang='lat' dir='ltr'><strong>servarunt.</strong></span> <span class='ocrx_word' id='word_1_199' title='bbox 315 2375 462 2436; x_wconf 89' lang='lat' dir='ltr'><strong>terminus</strong></span> <span class='ocrx_word' id='word_1_200' title='bbox 477 2381 525 2436; x_wconf 86' lang='lat' dir='ltr'><strong>est</strong></span> <span class='ocrx_word' id='word_1_201' title='bbox 537 2391 618 2436; x_wconf 90' lang='lat' dir='ltr'><strong>nunc</strong></span> <span class='ocrx_word' id='word_1_202' title='bbox 633 2377 751 2452; x_wconf 88' lang='lat' dir='ltr'><strong>imperil</strong></span> <span class='ocrx_word' id='word_1_203' title='bbox 767 2377 861 2438; x_wconf 85' lang='lat' dir='ltr'><strong>vestri</strong></span> <span class='ocrx_word' id='word_1_204' title='bbox 875 2391 964 2437; x_wconf 91' lang='lat' dir='ltr'><strong>mons</strong></span> <span class='ocrx_word' id='word_1_205' title='bbox 975 2377 1103 2436; x_wconf 86' lang='lat' dir='ltr'><strong>Taurus.</strong></span> 
     </span>
     <span class='ocr_line' id='line_1_27' title="bbox 119 2457 1104 2534; baseline -0.002 -16"><span class='ocrx_word' id='word_1_206' title='bbox 119 2457 273 2534; x_wconf 90' lang='lat' dir='ltr'><strong>quidquid</strong></span> <span class='ocrx_word' id='word_1_207' title='bbox 288 2458 367 2520; x_wconf 90' lang='lat' dir='ltr'><strong>intre</strong></span> <span class='ocrx_word' id='word_1_208' title='bbox 381 2475 449 2518; x_wconf 88' lang='lat' dir='ltr'><strong>eum</strong></span> <span class='ocrx_word' id='word_1_209' title='bbox 466 2457 622 2519; x_wconf 91' lang='lat' dir='ltr'><strong>cardinem</strong></span> <span class='ocrx_word' id='word_1_210' title='bbox 637 2469 693 2534; x_wconf 85' lang='lat' dir='ltr'><strong>est,</strong></span> <span class='ocrx_word' id='word_1_211' title='bbox 708 2459 782 2520; x_wconf 88' lang='lat' dir='ltr'><strong>nilril</strong></span> <span class='ocrx_word' id='word_1_212' title='bbox 797 2459 999 2534; x_wconf 84' lang='lat' dir='ltr'><strong>longinquum</strong></span> <span class='ocrx_word' id='word_1_213' title='bbox 1013 2458 1104 2518; x_wconf 89' lang='lat' dir='ltr'><strong>vobis</strong></span> 
     </span>
     <span class='ocr_line' id='line_1_28' title="bbox 118 2541 1104 2619; baseline -0.002 -18"><span class='ocrx_word' id='word_1_214' title='bbox 118 2541 216 2602; x_wconf 89' lang='lat' dir='ltr'><strong>videri</strong></span> <span class='ocrx_word' id='word_1_215' title='bbox 231 2543 332 2604; x_wconf 86' lang='lat' dir='ltr'><strong>debet.</strong></span> <span class='ocrx_word' id='word_1_216' title='bbox 370 2559 431 2619; x_wconf 89' lang='lat' dir='ltr'><strong>quo</strong></span> <span class='ocrx_word' id='word_1_217' title='bbox 452 2559 537 2602; x_wconf 87' lang='lat' dir='ltr'><strong>arma</strong></span> <span class='ocrx_word' id='word_1_218' title='bbox 555 2549 660 2603; x_wconf 89' lang='lat' dir='ltr'><strong>vestra</strong></span> <span class='ocrx_word' id='word_1_219' title='bbox 680 2549 902 2618; x_wconf 88' lang='lat' dir='ltr'><strong>pervenerunt,</strong></span> <span class='ocrx_word' id='word_1_220' title='bbox 924 2541 1034 2602; x_wconf 87' lang='lat' dir='ltr'><strong>eodem</strong></span> <span class='ocrx_word' id='word_1_221' title='bbox 1055 2541 1104 2600; x_wconf 88' lang='lat' dir='ltr'><strong>ius</strong></span> 
     </span>
     <span class='ocr_line' id='line_1_29' title="bbox 118 2624 1104 2702; baseline -0.003 -17"><span class='ocrx_word' id='word_1_222' title='bbox 118 2625 189 2686; x_wconf 89' lang='lat' dir='ltr'><strong>bine</strong></span> <span class='ocrx_word' id='word_1_223' title='bbox 211 2627 381 2701; x_wconf 87' lang='lat' dir='ltr'><strong>proiectum</strong></span> <span class='ocrx_word' id='word_1_224' title='bbox 404 2626 571 2702; x_wconf 86' lang='lat' dir='ltr'><strong>parveniat.</strong></span> <span class='ocrx_word' id='word_1_225' title='bbox 603 2627 740 2702; x_wconf 86' lang='lat' dir='ltr'><strong>barbari,</strong></span> <span class='ocrx_word' id='word_1_226' title='bbox 768 2625 881 2702; x_wconf 87' lang='lat' dir='ltr'><strong>quibus</strong></span> <span class='ocrx_word' id='word_1_227' title='bbox 905 2640 963 2700; x_wconf 91' lang='lat' dir='ltr'><strong>pro</strong></span> <span class='ocrx_word' id='word_1_228' title='bbox 984 2624 1104 2698; x_wconf 81' lang='lat' dir='ltr'><strong>legibus</strong></span> 
     </span>
     <span class='ocr_line' id='line_1_30' title="bbox 118 2708 1103 2786; baseline -0.004 -16"><span class='ocrx_word' id='word_1_229' title='bbox 118 2725 243 2786; x_wconf 87' lang='lat' dir='ltr'><strong>semper</strong></span> <span class='ocrx_word' id='word_1_230' title='bbox 257 2710 449 2772; x_wconf 88' lang='lat' dir='ltr'><strong>dominorum</strong></span> <span class='ocrx_word' id='word_1_231' title='bbox 465 2708 594 2786; x_wconf 86' lang='lat' dir='ltr'><strong>imperia</strong></span> <span class='ocrx_word' id='word_1_232' title='bbox 607 2712 743 2784; x_wconf 78' lang='lat' dir='ltr'><strong>luerunt,</strong></span> <span class='ocrx_word' id='word_1_233' title='bbox 763 2724 825 2785; x_wconf 91' lang='lat' dir='ltr'><strong>quo</strong></span> <span class='ocrx_word' id='word_1_234' title='bbox 840 2709 990 2784; x_wconf 82' lang='lat' dir='ltr'><strong>gaudent,</strong></span> <span class='ocrx_word' id='word_1_235' title='bbox 1012 2722 1103 2783; x_wconf 80' lang='lat' dir='ltr'><strong>reges</strong></span> 
     </span>
     <span class='ocr_line' id='line_1_31' title="bbox 118 2792 1105 2866; baseline -0.002 -14"><span class='ocrx_word' id='word_1_236' title='bbox 118 2792 269 2854; x_wconf 77' lang='lat' dir='ltr'><strong>habeant=</strong></span> <span class='ocrx_word' id='word_1_237' title='bbox 298 2795 406 2856; x_wconf 90' lang='lat' dir='ltr'><strong>Graeci</strong></span> <span class='ocrx_word' id='word_1_238' title='bbox 421 2811 508 2856; x_wconf 86' lang='lat' dir='ltr'><strong>suom</strong></span> <span class='ocrx_word' id='word_1_239' title='bbox 524 2797 701 2862; x_wconf 61' lang='lat' dir='ltr'><strong>fortunam,</strong></span> <span class='ocrx_word' id='word_1_240' title='bbox 712 2802 834 2856; x_wconf 89' lang='lat' dir='ltr'><strong>vestros</strong></span> <span class='ocrx_word' id='word_1_241' title='bbox 850 2793 969 2854; x_wconf 88' lang='lat' dir='ltr'><strong>animos</strong></span> <span class='ocrx_word' id='word_1_242' title='bbox 984 2799 1105 2866; x_wconf 79' lang='lat' dir='ltr'><strong>gerunt</strong></span> 
     </span>
     <span class='ocr_line' id='line_1_32' title="bbox 119 2876 1103 2955; baseline -0.002 -18"><span class='ocrx_word' id='word_1_243' title='bbox 119 2877 299 2940; x_wconf 87' lang='lat' dir='ltr'><strong>domesticis</strong></span> <span class='ocrx_word' id='word_1_244' title='bbox 322 2880 478 2955; x_wconf 88' lang='lat' dir='ltr'><strong>quondam</strong></span> <span class='ocrx_word' id='word_1_245' title='bbox 497 2879 615 2940; x_wconf 88' lang='lat' dir='ltr'><strong>viribus</strong></span> <span class='ocrx_word' id='word_1_246' title='bbox 636 2877 727 2940; x_wconf 87' lang='lat' dir='ltr'><strong>etiam</strong></span> <span class='ocrx_word' id='word_1_247' title='bbox 752 2876 914 2954; x_wconf 90' lang='lat' dir='ltr'><strong>imperium</strong></span> <span class='ocrx_word' id='word_1_248' title='bbox 938 2877 1103 2952; x_wconf 88' lang='lat' dir='ltr'><strong>amplecte·</strong></span> 
     </span>
     <span class='ocr_line' id='line_1_33' title="bbox 118 2961 1103 3040; baseline -0.004 -19"><span class='ocrx_word' id='word_1_249' title='bbox 118 2961 243 3023; x_wconf 81' lang='lat' dir='ltr'><strong>bantur=</strong></span> <span class='ocrx_word' id='word_1_250' title='bbox 275 2980 357 3024; x_wconf 90' lang='lat' dir='ltr'><strong>nunc</strong></span> <span class='ocrx_word' id='word_1_251' title='bbox 381 2963 542 3040; x_wconf 87' lang='lat' dir='ltr'><strong>imperium</strong></span> <span class='ocrx_word' id='word_1_252' title='bbox 565 2963 618 3026; x_wconf 92' lang='lat' dir='ltr'><strong>ubi</strong></span> <span class='ocrx_word' id='word_1_253' title='bbox 644 2971 705 3037; x_wconf 87' lang='lat' dir='ltr'><strong>est,</strong></span> <span class='ocrx_word' id='word_1_254' title='bbox 734 2962 775 3021; x_wconf 93' lang='lat' dir='ltr'><strong>ibi</strong></span> <span class='ocrx_word' id='word_1_255' title='bbox 800 2961 898 3022; x_wconf 86' lang='lat' dir='ltr'><strong>utsii</strong></span> <span class='ocrx_word' id='word_1_256' title='bbox 922 2967 1103 3036; x_wconf 88' lang='lat' dir='ltr'><strong>perpetuum</strong></span> 
     </span>
     <span class='ocr_line' id='line_1_34' title="bbox 117 3038 1103 3121; baseline -0.002 -15"><span class='ocrx_word' id='word_1_257' title='bbox 117 3051 244 3121; x_wconf 67' lang='lat' dir='ltr'><strong>optarim</strong></span> <span class='ocrx_word' id='word_1_258' title='bbox 264 3048 440 3110; x_wconf 86' lang='lat' dir='ltr'><strong>¹libertatem</strong></span> <span class='ocrx_word' id='word_1_259' title='bbox 454 3049 566 3110; x_wconf 86' lang='lat' dir='ltr'><strong>vestris</strong></span> <span class='ocrx_word' id='word_1_260' title='bbox 579 3038 658 3109; x_wconf 76' lang='lat' dir='ltr'><strong>tfieri</strong></span> <span class='ocrx_word' id='word_1_261' title='bbox 672 3046 764 3106; x_wconf 83' lang='lat' dir='ltr'><strong>armis</strong></span> <span class='ocrx_word' id='word_1_262' title='bbox 780 3045 855 3106; x_wconf 88' lang='lat' dir='ltr'><strong>satis</strong></span> <span class='ocrx_word' id='word_1_263' title='bbox 876 3044 1004 3117; x_wconf 88' lang='lat' dir='ltr'><strong>habent,</strong></span> <span class='ocrx_word' id='word_1_264' title='bbox 1026 3059 1103 3118; x_wconf 92' lang='lat' dir='ltr'><strong>quo·</strong></span> 
     </span>
     <span class='ocr_line' id='line_1_35' title="bbox 118 3127 1106 3208; baseline -0.003 -19"><span class='ocrx_word' id='word_1_265' title='bbox 118 3131 201 3190; x_wconf 86' lang='lat' dir='ltr'><strong>niam</strong></span> <span class='ocrx_word' id='word_1_266' title='bbox 217 3131 282 3191; x_wconf 91' lang='lat' dir='ltr'><strong>suis</strong></span> <span class='ocrx_word' id='word_1_267' title='bbox 297 3149 358 3192; x_wconf 90' lang='lat' dir='ltr'><strong>non</strong></span> <span class='ocrx_word' id='word_1_268' title='bbox 376 3141 516 3208; x_wconf 84' lang='lat' dir='ltr'><strong>possunt.</strong></span> <span class='ocrx_word' id='word_1_269' title='bbox 548 3139 581 3193; x_wconf 89' lang='lat' dir='ltr'><strong>at</strong></span> <span class='ocrx_word' id='word_1_270' title='bbox 599 3132 680 3191; x_wconf 88' lang='lat' dir='ltr'><strong>enim</strong></span> <span class='ocrx_word' id='word_1_271' title='bbox 702 3130 854 3205; x_wconf 86' lang='lat' dir='ltr'><strong>quaedam</strong></span> <span class='ocrx_word' id='word_1_272' title='bbox 873 3127 1013 3188; x_wconf 87' lang='lat' dir='ltr'><strong>civitates</strong></span> <span class='ocrx_word' id='word_1_273' title='bbox 1034 3143 1106 3187; x_wconf 90' lang='lat' dir='ltr'><strong>cum</strong></span> 
     </span>
     <span class='ocr_line' id='line_1_36' title="bbox 119 3211 1103 3292; baseline -0.003 -19"><span class='ocrx_word' id='word_1_274' title='bbox 119 3215 272 3276; x_wconf 85' lang='lat' dir='ltr'><strong>Antiocho</strong></span> <span class='ocrx_word' id='word_1_275' title='bbox 288 3225 461 3278; x_wconf 86' lang='lat' dir='ltr'><strong>senserunt.</strong></span> <span class='ocrx_word' id='word_1_276' title='bbox 491 3224 525 3280; x_wconf 87' lang='lat' dir='ltr'><strong>ct</strong></span> <span class='ocrx_word' id='word_1_277' title='bbox 538 3216 616 3276; x_wconf 87' lang='lat' dir='ltr'><strong>aliae</strong></span> <span class='ocrx_word' id='word_1_278' title='bbox 629 3215 716 3292; x_wconf 93' lang='lat' dir='ltr'><strong>prius</strong></span> <span class='ocrx_word' id='word_1_279' title='bbox 732 3229 801 3274; x_wconf 88' lang='lat' dir='ltr'><strong>cum</strong></span> <span class='ocrx_word' id='word_1_280' title='bbox 814 3211 970 3287; x_wconf 91' lang='lat' dir='ltr'><strong>Philippo,</strong></span> <span class='ocrx_word' id='word_1_281' title='bbox 987 3218 1103 3272; x_wconf 89' lang='lat' dir='ltr'><strong>etcum</strong></span> 
     </span>
     <span class='ocr_line' id='line_1_37' title="bbox 118 3294 1103 3378; baseline -0.002 -20"><span class='ocrx_word' id='word_1_282' title='bbox 118 3296 238 3378; x_wconf 79' lang='lat' dir='ltr'><strong>Pyrrho</strong></span> <span class='ocrx_word' id='word_1_283' title='bbox 253 3299 414 3360; x_wconf 86' lang='lat' dir='ltr'><strong>Tarentini.</strong></span> <span class='ocrx_word' id='word_1_284' title='bbox 441 3317 480 3360; x_wconf 87' lang='lat' dir='ltr'><strong>ne</strong></span> <span class='ocrx_word' id='word_1_285' title='bbox 495 3300 572 3362; x_wconf 89' lang='lat' dir='ltr'><strong>alins</strong></span> <span class='ocrx_word' id='word_1_286' title='bbox 587 3300 722 3376; x_wconf 91' lang='lat' dir='ltr'><strong>populos</strong></span> <span class='ocrx_word' id='word_1_287' title='bbox 738 3313 929 3370; x_wconf 87' lang='lat' dir='ltr'><strong>enumerem,</strong></span> <span class='ocrx_word' id='word_1_288' title='bbox 952 3294 1103 3370; x_wconf 79' lang='lat' dir='ltr'><strong>Carthago</strong></span> 
     </span>
    </p>
   </div>
   <div class='ocr_carea' id='block_1_9' title="bbox 118 3354 1226 3460">
    <p class='ocr_par' dir='ltr' id='par_1_9' title="bbox 118 3354 1226 3460">
     <span class='ocr_line' id='line_1_38' title="bbox 118 3354 1226 3460; baseline -0.001 -19"><span class='ocrx_word' id='word_1_289' title='bbox 118 3382 216 3443; x_wconf 90' lang='lat' dir='ltr'><strong>libera</strong></span> <span class='ocrx_word' id='word_1_290' title='bbox 230 3397 299 3444; x_wconf 90' lang='lat' dir='ltr'><strong>cum</strong></span> <span class='ocrx_word' id='word_1_291' title='bbox 315 3382 379 3444; x_wconf 88' lang='lat' dir='ltr'><strong>suis</strong></span> <span class='ocrx_word' id='word_1_292' title='bbox 392 3384 511 3460; x_wconf 83' lang='lat' dir='ltr'><strong>legibus</strong></span> <span class='ocrx_word' id='word_1_293' title='bbox 523 3391 579 3445; x_wconf 90' lang='lat' dir='ltr'><strong>est.</strong></span> <span class='ocrx_word' id='word_1_294' title='bbox 601 3383 672 3445; x_wconf 89' lang='lat' dir='ltr'><strong>huic</strong></span> <span class='ocrx_word' id='word_1_295' title='bbox 683 3389 787 3444; x_wconf 88' lang='lat' dir='ltr'><strong>vestro</strong></span> <span class='ocrx_word' id='word_1_296' title='bbox 799 3381 942 3456; x_wconf 87' lang='lat' dir='ltr'><strong>exemplo</strong></span> <span class='ocrx_word' id='word_1_297' title='bbox 955 3385 1102 3454; x_wconf 89' lang='lat' dir='ltr'><strong>quantum</strong></span> <span class='ocrx_word' id='word_1_298' title='bbox 1220 3354 1226 3443; x_wconf 45' lang='lat'><strong>,¹</strong></span> 
     </span>
    </p>
   </div>
   <div class='ocr_carea' id='block_1_10' title="bbox 117 3463 1101 3546">
    <p class='ocr_par' dir='ltr' id='par_1_10' title="bbox 117 3463 1101 3546">
     <span class='ocr_line' id='line_1_39' title="bbox 117 3463 1101 3546; baseline -0.002 -20"><span class='ocrx_word' id='word_1_299' title='bbox 117 3465 274 3543; x_wconf 86' lang='lat' dir='ltr'><strong>debeatis,</strong></span> <span class='ocrx_word' id='word_1_300' title='bbox 288 3465 405 3544; x_wconf 87' lang='lat' dir='ltr'><strong>videte,</strong></span> <span class='ocrx_word' id='word_1_301' title='bbox 427 3474 532 3544; x_wconf 87' lang='lat' dir='ltr'><strong>patres</strong></span> <span class='ocrx_word' id='word_1_302' title='bbox 547 3467 721 3546; x_wconf 84' lang='lat' dir='ltr'><strong>conscripti.</strong></span> <span class='ocrx_word' id='word_1_303' title='bbox 755 3466 906 3530; x_wconf 86' lang='lat' dir='ltr'><strong>inducetis</strong></span> <span class='ocrx_word' id='word_1_304' title='bbox 921 3464 952 3525; x_wconf 91' lang='lat' dir='ltr'><strong>in</strong></span> <span class='ocrx_word' id='word_1_305' title='bbox 969 3463 1101 3525; x_wconf 88' lang='lat' dir='ltr'><strong>animum</strong></span> 
     </span>
    </p>
   </div>
   <div class='ocr_carea' id='block_1_11' title="bbox 0 0 1258 3898">
    <p class='ocr_par' dir='ltr' id='par_1_11' title="bbox 0 0 1258 3898">
     <span class='ocr_line' id='line_1_40' title="bbox 0 0 1258 3898; baseline 0 2"><span class='ocrx_word' id='word_1_306' title='bbox 0 0 1258 3898; x_wconf 95' lang='lat' dir='ltr'><strong> </strong></span> 
     </span>
    </p>
   </div>
  </div>
 </body>
</html>
