2482 3902
165 147 210 215 88
337 147 450 210 LIBER
462 147 596 210 XXXIII.
617 147 700 210 chP.
712 155 738 217 6·
751 155 777 212 t.
802 154 838 222 [ι.
850 152 886 205 U.
896 169 923 205 o.
935 152 999 220 tto]

169 301 238 362 dam
260 301 317 362 iuit
335 316 410 376 ager
430 300 567 362 consitus
582 297 700 360 erebris
715 298 893 372 arboribus,
915 297 1058 374 hortique
1072 297 1151 361 utin

170 384 354 445 suburbanis
374 385 467 457 locis,
491 391 521 445 et
542 389 680 446 coartata
699 383 807 443 itinera
822 382 964 444 maceriis
978 389 1009 443 et
1023 382 1152 458 quibus·

169 470 239 529 dam
254 468 331 529 ioels
346 469 521 529 interclusa.
540 469 643 544 itaque
655 467 769 542 pariter
780 467 910 527 ducibus
922 467 1085 528 eonsilium
1095 467 1153 530 tuit

169 551 341 614 excedendi
362 567 400 611 ea
420 552 562 628 regione,
583 559 615 613 et
634 553 720 612 velut
734 565 773 610 ax
793 551 951 625 praedicto
966 551 1058 612 ambo
1073 549 1153 612 Seo-

168 645 269 698 tusam
284 635 451 711 petierunt,
471 635 630 712 Phiiippus
646 649 703 711 spe
719 634 922 695 frumentandi
937 635 1024 710 inde,
1039 636 1152 695 Rome·

168 737 236 793 nus,
249 727 281 779 ut
292 735 497 795 praegressus
507 725 716 795 eomuoperet
726 718 807 779 hosti
821 720 979 780 humente.
1002 719 1153 795 perstem

168 810 279 878 totum,
302 805 375 880 quia
396 805 491 864 eolles
511 810 662 880 perpetuo
683 803 755 878 iugo
775 803 954 877 intererant,
976 805 1061 864 nulio
1076 818 1152 863 eon·
1217 815 1219 900 'q

170 896 276 964 specta
296 887 374 948 inter
394 903 430 947 so
444 890 514 950 iooo
529 888 650 964 agmina
664 888 772 948 ierunt
805 889 934 948 Romani
949 888 990 947 ad
1003 886 1152 948 Fretliam

168 972 328 1034 Phthiotici
342 973 417 1047 agri,
431 971 589 1048 Philippus
604 987 701 1048 super
713 987 832 1032 amnem
847 970 1033 1036 Onchestum
1048 972 1153 1046 posuit
1219 933 1220 1010 i

170 1061 279 1116 eastra.
302 1071 341 1115 ne
356 1062 482 1131 postero
496 1057 619 1132 quidem
634 1055 698 1132 die,
715 1072 784 1116 oum
798 1055 958 1132 Phiiippus
972 1056 1013 1116 od
1026 1054 1152 1118 Metam·
1220 1043 1221 1092 t

169 1140 252 1200 bium
273 1140 359 1214 quod
377 1147 491 1202 vocant
505 1139 668 1202 Sootusuei
684 1139 760 1216 agri,
783 1138 941 1214 Quinctius
955 1140 1039 1200 eirea
1051 1137 1151 1202 Titeti·
1221 1154 1222 1188 t

170 1224 261 1284 deum
275 1223 452 1286 Pharsaliae
471 1233 571 1286 terrae
591 1223 750 1300 posuisset
769 1231 884 1296 eastra,
908 1229 961 1286 sut
980 1221 1011 1283 hi
1032 1227 1088 1283 aut
1101 1223 1153 1295 ilii,

169 1308 221 1368 ubi
242 1307 340 1369 hostis
360 1315 459 1383 esset,
481 1309 556 1370 satis
579 1314 769 1388 compertum
782 1307 964 1370 habuerunt.
996 1307 1089 1369 tertio
1104 1307 1153 1366 die
1222 1262 1223 1344 i

170 1391 268 1468 primo
283 1392 405 1452 nimbus
420 1390 549 1466 effusus,
564 1393 633 1452 dein
651 1393 749 1468 caiigo
764 1392 863 1453 nostis
878 1391 1151 1454 simitiimaRoma·
1223 1371 1224 1438 i

170 1491 227 1535 nos
243 1483 326 1538 metu
340 1473 519 1536 insidiarum
535 1475 638 1536 tenuit.
659 1475 724 1535 vlt.
747 1475 906 1550 Phiiippus
919 1474 1094 1536 maturandi
1109 1473 1151 1536 tti-

170 1559 253 1619 neris
269 1573 372 1632 eausa,
387 1566 459 1633 post
473 1559 599 1620 imbrem
610 1558 743 1619 nubibus
757 1559 786 1618 in
799 1567 910 1619 terram
921 1557 1066 1620 dernissis
1077 1558 1152 1617 stibii

171 1640 342 1714 deterritus,
357 1642 447 1716 signa
461 1641 532 1702 terri
546 1642 645 1704 iussit.
667 1643 726 1702 sod
741 1650 801 1702 tam
815 1643 916 1706 densa
930 1642 1030 1717 caligo
1043 1657 1154 1702 oeeae·

51 1779 56 1791 ,
171 1731 296 1784 cauerat
314 1724 409 1798 diem,
430 1731 464 1785 ut
482 1741 584 1800 noque
604 1725 742 1801 signiferi
762 1725 844 1786 viam
866 1742 924 1787 noo
938 1726 1027 1801 signa
1040 1725 1154 1785 milites

171 1815 339 1880 cernerent,
351 1809 656 1882 agmensdineertos
668 1810 818 1871 clamores
829 1826 941 1885 vagum
951 1811 1037 1870 velut
1046 1823 1154 1870 errore
1227 1809 1228 1886 i

170 1898 319 1953 nocturno
340 1890 520 1955 turbaretur.
558 1894 753 1969 supergressi
772 1894 905 1955 tumulos
927 1894 979 1969 qui
995 1893 1152 1971 Cynosce-
1228 1919 1229 1988 p

172 1975 283 2050 phalae
302 1982 467 2052 vorantur,
489 1977 595 2038 relicta
611 1975 653 2036 ibi
667 1977 799 2038 statione
813 1978 900 2038 iirma
914 1977 1051 2053 peditum
1066 1975 1153 2052 equi-

169 2068 304 2135 tumque,
316 2065 487 2134 posnerunt
498 2068 608 2122 eastra.
623 2061 781 2122 Romanus
793 2061 910 2122 eisdem
922 2061 963 2121 ad
971 2059 1154 2120 Thetideum

171 2143 280 2203 casote
301 2159 371 2203 oum
392 2159 427 2203 se
449 2143 612 2218 tenuisset,
633 2146 826 2220 exploratum
846 2151 964 2218 tamen,
984 2143 1037 2204 ubi
1051 2143 1154 2204 hostis

170 2233 267 2300 esset,
289 2226 395 2287 decem
417 2233 532 2288 turmas
554 2227 688 2303 equitum
702 2236 734 2292 et
752 2229 834 2289 mitte
855 2229 975 2303 pedites
988 2227 1075 2288 misit
1085 2242 1154 2286 mo·

170 2311 266 2382 nitos,
287 2316 321 2370 ut
341 2310 380 2370 ab
394 2309 529 2383 insidiis,
552 2327 630 2387 quas
645 2312 712 2372 dies
726 2312 878 2373 obscurus
895 2312 1008 2387 aporos
1025 2325 1154 2386 quoquo

170 2393 247 2454 iouis
261 2399 397 2455 testulus
410 2403 501 2470 esset,
516 2403 744 2472 praecaverent
759 2395 811 2454 ubi
821 2402 946 2456 ventum
957 2395 998 2456 ed
1007 2395 1154 2455 inermos

169 2477 302 2538 tumulos
324 2485 386 2553 est,
407 2494 523 2554 pavore
543 2486 647 2540 mutuo
667 2479 780 2540 iniecto
793 2481 877 2540 velut
891 2485 1048 2554 torpentes
1063 2477 1154 2554 quie-

169 2569 290 2623 veruntr
312 2561 383 2622 dein
405 2563 518 2624 nuntiis
532 2570 614 2624 retro
629 2564 660 2624 in
676 2570 777 2624 castra
791 2563 831 2624 ad
846 2563 941 2624 dueos
956 2560 1076 2634 missia,
1098 2561 1154 2622 ubi

170 2646 286 2720 primus
307 2651 407 2710 tenor
426 2648 464 2707 ab
485 2648 669 2722 necopinato
690 2647 760 2708 uisu
782 2647 936 2722 consedit,
958 2663 1021 2709 non
1036 2645 1154 2706 diutitm

170 2727 334 2788 certamine
355 2730 539 2790 abstinuere.
576 2730 725 2805 principio
741 2745 760 2790 a
775 2732 882 2806 pauois
898 2728 1153 2807 procurrentibus

169 2811 313 2872 lacessita
337 2827 442 2886 pugna
465 2821 527 2885 est,
557 2813 670 2873 deinde
691 2814 841 2876 subsidiis
867 2815 1015 2876 tuentium
1041 2814 1153 2888 putem

169 2900 267 2954 aneta.
290 2893 322 2956 in
337 2911 399 2969 qua
413 2911 483 2956 oum
499 2895 738 2972 haudquaquam
752 2913 845 2973 pares
859 2899 989 2960 Romani
1003 2897 1083 2960 aiios
1097 2912 1152 2956 su·

169 2977 322 3051 peratiae
343 2980 466 3040 nuntios
488 2980 528 3039 ad
543 2980 652 3040 duoem
666 2982 817 3044 mitterent
831 2981 928 3058 premi
950 2997 1038 3054 sese,
1060 2981 1152 3056 quin-

168 3061 250 3135 genti
270 3061 391 3137 equites
411 3069 442 3124 et
457 3063 518 3124 duo
538 3064 620 3125 milia
640 3065 791 3140 peditum,
812 3067 945 3132 maxime
959 3066 1151 3138 Aetolorum,

60 3186 61 3190 ,
168 3160 237 3205 eum
258 3143 380 3206 dnobus
400 3145 529 3208 tribunis
548 3147 672 3209 miiitum
687 3165 821 3226 propere
834 3149 931 3210 missa
944 3165 1010 3210 rorn
1023 3147 1151 3211 inelina-

168 3237 229 3289 tam
243 3227 449 3303 restituerunt,
465 3247 620 3308 versaque
634 3234 756 3294 fortuna
768 3233 960 3294 Macedones
973 3233 1150 3294 laborantes

169 3329 259 3388 opem
269 3313 350 3389 regis
362 3330 420 3392 per
431 3315 554 3378 nuntios
566 3317 777 3392 implorabant.
791 3319 848 3378 sed
858 3325 892 3378 ut
903 3317 955 3392 qui
966 3316 1040 3377 nihii
1047 3315 1148 3377 minus

150 3451 152 3456 .
167 3396 218 3458 illo
235 3397 284 3458 die
298 3408 424 3475 propter
444 3399 574 3461 effusam
589 3399 748 3474 ostiginem
764 3418 855 3477 quam
870 3402 1021 3478 praetium
1036 3414 1147 3476 exspe
