2506 3898
200 189 315 250 LIBER
330 185 491 250 XXXVIII.
515 189 598 250 cAP.
612 197 657 254 4⁷.
668 198 712 254 te.
736 196 773 264 [e.
786 196 819 254 C.
832 198 894 266 187]
972 191 1035 258 363

36 347 161 407 Asiam
172 345 309 406 incolunt
319 342 620 412 existimetisGallis:
634 351 752 410 remota
761 345 924 406 universae
934 344 1035 420 gentis

36 429 179 496 infamia
193 435 286 506 atque
300 429 415 491 invidia
428 443 485 504 per
499 445 534 488 se
548 430 636 504 ipsos
652 427 819 500 aestimate
851 428 965 496 utinam
979 445 1037 490 rex

34 513 218 587 Eumenes
232 513 460 580 utinamAsioa
471 511 608 578 civitates
623 527 730 580 omnes
746 512 908 586 adessent,
922 519 953 574 et
965 513 1034 574 illos

38 597 159 672 potius
174 602 339 671 querentes
354 611 446 672 quam
460 611 509 656 me
523 603 718 668 accusantem,
732 595 887 662 audiretis.
919 596 1034 670 mittite,

38 679 200 756 agedum„
207 680 327 756 legatos
338 679 420 742 circa
431 695 538 741 omnes
548 680 645 742 Asiae
653 680 755 754 urbes,
770 685 801 740 et
811 679 957 755 quaerite,
968 687 1035 740 utra

39 762 200 838 graviore.
218 763 378 836 servituto,
399 763 554 826 Antiocho
573 766 654 828 ultra·
671 763 764 830 Tauri
781 763 853 839 iuga
873 769 974 832 emoto
995 781 1036 826 an

41 847 150 911 Gallis
165 846 317 920 subactis,
338 845 456 918 liberati
470 847 545 908 sint=
567 848 710 922 quotiens
724 847 789 922 agri
804 863 911 910 eorum
924 847 1035 910 vastati

40 932 130 1004 sint,
153 931 295 1006 quotiens
316 931 451 1007 praedae
473 929 614 1002 abactae,
635 931 783 1004 referant,
806 947 874 992 cnm
888 932 942 992 vix
955 932 1035 994 redi·

43 1015 161 1076 mendi
174 1013 315 1090 captivos
330 1013 420 1090 copia
434 1020 532 1088 asset,
548 1019 579 1074 at
591 1019 739 1074 mactatas
752 1013 903 1075 humanas
917 1014 1035 1084 hostias
1155 1024 1157 1029 ’

41 1099 289 1172 immolatosque
308 1096 423 1160 liberos
445 1113 520 1161 suos
542 1095 692 1162 audirent.
726 1097 912 1172 stipendium
927 1097 1036 1160 scitote
1074 1163 1075 1166 ,

47 1181 247 1258 pependisse
268 1180 374 1244 socios
388 1187 508 1242 vestros
525 1181 634 1252 Gallis;
657 1188 687 1241 et
701 1196 797 1253 nunc,
819 1180 964 1246 liberatos
980 1196 1036 1256 per

46 1283 113 1326 vos
129 1265 214 1340 regio
229 1264 373 1340 irnperio,
395 1265 492 1328 luisse
505 1279 676 1340 pensuros,
698 1264 725 1324 si
741 1279 822 1327 arne
837 1264 916 1326 ioret
930 1279 1035 1326 cessa·

44 1352 150 1412 tunr.“
171 1343 302 1409 XLvlll.
325 1365 409 1424 „qno
421 1350 544 1424 longius
553 1347 725 1414 Antiochus
737 1354 856 1410 emotus
868 1357 960 1424 esset
975 1349 1035 1408 hoo

46 1431 255 1508 impotentius
273 1431 396 1492 inAsia
409 1432 486 1494 Galli
506 1433 751 1502 dominarentur;
774 1439 804 1492 et
825 1432 974 1508 quidquid
988 1437 1036 1492 est

45 1521 203 1576 terrarum
217 1517 293 1584 eitra
304 1516 394 1576 Tauri
408 1516 493 1591 iuga,
516 1517 669 1578 Gallorum
687 1516 830 1592 imperio,
855 1533 916 1576 non
931 1521 1035 1576 vestro

46 1598 256 1664 adiecissetis.
285 1606 315 1663 at
328 1599 408 1666 enim
423 1608 495 1666 saut
510 1600 720 1677 quidemistac
742 1615 846 1662 verum
861 1599 951 1662 etiam
966 1599 1035 1660 Del·

50 1683 137 1764 phos
153 1683 309 1758 quondam
320 1684 613 1752 oommunchumani
624 1684 745 1758 generis
757 1684 922 1755 oraculum,
938 1682 1034 1744 unibi-

46 1765 150 1827 iioum
165 1765 249 1826 orbis
264 1771 420 1838 lemarum,
437 1766 514 1826 Galli
528 1766 755 1840 spoliaverunt;
777 1783 835 1828 neo
850 1767 919 1828 ideo
934 1785 1035 1842 popu·

50 1849 106 1910 ius
121 1850 280 1912 Romanus
300 1846 349 1913 his
369 1849 481 1910 bellum
500 1847 610 1908 indixit
623 1857 675 1915 aut
688 1849 794 1912 intulit.
824 1850 966 1924 equidem
982 1849 1035 1910 ali-

53 1932 134 2008 quid
148 1931 303 1996 interesse
311 1931 402 1992 rebar
415 1929 493 1994 inter
506 1931 539 1995 id
554 1938 685 2008 tempus,
702 1948 762 2007 quo
777 1933 915 1992 nondum
928 1933 959 1991 in
970 1933 1035 1993 iure

50 2032 90 2078 ao
107 2013 230 2076 dicione
250 2019 354 2081 vestra
368 2015 496 2082 Graecia
512 2021 606 2092 atque
618 2013 697 2076 Asia
709 2021 789 2090 erat,
812 2016 1035 2076 edomandum

52 2097 428 2173 animadvertendumqne,
444 2098 518 2175 quid
531 2100 562 2160 in
576 2099 724 2160 his-terris
735 2098 831 2172 lieret,
846 2105 878 2160 et
887 2099 955 2180 hoo,
972 2115 1034 2174 quo

52 2184 149 2248 tinem
158 2180 549 2258 imperiiRomaniTaurum
559 2189 692 2244 montem
702 2183 858 2256 statuistis,
873 2201 933 2258 quo
945 2183 1034 2244 liber·

53 2274 148 2328 tatem
167 2266 385 2329 immunitatem
405 2266 574 2328 civitatibus
597 2267 691 2340 datis,
715 2284 778 2342 quo
793 2267 862 2327 aliis
877 2268 954 2327 fines
970 2267 1034 2328 adi·

52 2348 139 2422 citis,
162 2351 238 2410 alias
259 2365 334 2424 agro
357 2349 504 2424 multatio,
524 2350 591 2410 aliis
605 2350 735 2424 vectigal
749 2351 919 2424 imponitis,
940 2367 1034 2425 regna

53 2432 175 2506 augetis
198 2433 331 2494 minuitis
353 2432 473 2492 donatis
489 2431 634 2505 adimitis,
658 2448 751 2497 curae
763 2441 887 2494 vestrae
901 2435 1034 2494 censetis

53 2531 138 2590 esse,
152 2523 187 2578 ut
202 2532 312 2592 paoem
326 2523 405 2580 terra
419 2515 557 2592 marique
571 2515 713 2580 habeant.
742 2533 789 2590 an,
805 2515 865 2578 nisi
881 2515 1035 2591 praesidia

56 2600 238 2664 deduxisset
251 2600 437 2674 Antiochum
459 2615 538 2676 quae
559 2599 662 2674 quieto
676 2601 707 2659 in
721 2599 787 2666 suis
798 2599 924 2660 arcibus
939 2607 1034 2674 erant,
1077 2605 1080 2608 ’

57 2698 119 2744 non
143 2684 292 2758 pumrctts
318 2683 475 2746 liberatam
494 2683 615 2744 Asiam:
648 2683 676 2742 si
702 2683 855 2744 Gallorum
880 2683 1033 2744 exereitus

57 2765 148 2828 effusi
168 2773 367 2842 vagarentur,
387 2773 453 2834 rata
468 2767 550 2830 dona
565 2772 682 2841 vestra,
708 2783 789 2844 quae
804 2767 948 2840 dedistis,
969 2767 1034 2840 regi

56 2849 191 2925 Eumeni,
206 2859 272 2915 rata
285 2852 411 2913 libertas
425 2851 596 2916 civitatibus
610 2857 714 2914 esseti
734 2851 791 2914 sod
804 2851 877 2926 quid
889 2865 946 2926 ego
957 2851 1034 2910 liaeo

56 2932 98 2993 ita
112 2941 321 3010 argrrmcntor,
340 2943 494 3011 tamquam
508 2951 571 2998 non
586 2936 757 3013 acceperim
771 2937 828 2998 sed
841 2935 964 2996 fecerim
978 2935 1033 2996 ho·

58 3018 263 3088 steeGallost
281 3025 320 3094 te,
334 3019 368 3080 L.
383 3017 497 3096 Scipio,
511 3019 644 3094 appello,
661 3021 747 3085 onius
759 3035 817 3096 ego
829 3019 910 3092 mihi,
926 3033 1032 3080 succe·

58 3101 133 3162 dens
149 3101 179 3161 in
193 3102 292 3164 vicem
305 3102 424 3179 imperii
439 3103 498 3177 tui,
519 3103 660 3166 virtutem
674 3104 908 3178 felicitatemque
921 3103 1034 3177 pariter

59 3201 118 3244 non
134 3185 247 3248 trasna
259 3186 297 3246 ab
312 3186 371 3246 diis
386 3185 603 3247 immortalibus
617 3195 761 3262 precatus
776 3203 854 3260 sum,
869 3193 908 3260 te,
923 3187 955 3244 P.
968 3184 1033 3245 Sci-

59 3267 126 3342 pio,
149 3269 201 3344 qui
222 3271 313 3345 legati
328 3269 393 3345 ius,
415 3271 552 3346 collegae
565 3270 753 3332 maiestatem
768 3275 799 3330 et
811 3269 896 3346 apud
910 3270 1034 3330 tratrem

59 3355 214 3432 consulem
229 3361 259 3414 et
269 3355 353 3430 apud
365 3353 530 3416 exercitum
540 3352 681 3429 habuisti,
697 3353 842 3416 sciatisne
853 3354 884 3414 in
896 3351 1033 3413 exercitu

60 3436 199 3502 Antiochi
216 3437 369 3500 Gallorum
390 3437 528 3514 legiones
550 3437 661 3514 inisse,
682 3437 818 3500 videritis
839 3436 871 3498 in
886 3437 952 3498 aoie
966 3450 1032 3512 eos,
