2482 3902
166 187 228 253 104
301 181 1006 271 llssnnxxxnl.cnP.aa.aa.[a.1J.e.eooJ
1042 268 1047 274 .

162 339 299 405 hostium
314 335 482 400 exercitum
497 337 599 396 lusum
614 333 822 408 fugatumque.
854 330 915 392 hae
928 331 1047 393 litterae
1061 331 1148 407 prius

162 425 195 490 in
210 431 320 488 senata
340 435 359 482 a
380 419 488 496 Sergio
510 425 668 495 praetore,
695 415 807 477 deinde
827 429 868 477 ex
889 415 1072 477 aucudtate
1094 433 1146 492 pa-

162 519 242 572 trum
257 508 289 569 in
305 504 449 568 contione
463 510 535 564 sunt
544 500 705 573 recitatae3
721 507 752 562 et
763 500 867 562 ubres
879 507 1032 576 prospere
1043 508 1148 576 gestas

163 594 195 656 in
216 592 283 654 dies
302 589 438 666 quinque
454 584 699 663 supplicationes
720 585 872 646 decretae.
914 581 1003 646 brevi
1020 592 1094 659 post
1108 585 1148 644 le-

164 675 227 755 gati
241 681 272 736 et
285 673 324 734 ab
338 674 370 732 Τ.
387 670 527 746 Quinctio
542 677 573 731 et
587 670 626 730 ab
639 679 714 745 rege
734 667 876 746 Philippo
891 675 1054 729 venerunt.
1085 666 1149 727 lila-

164 761 302 824 cedones
327 755 452 818 deducti
476 760 565 816 extra
588 754 696 815 urbem
715 751 747 812 in
768 751 871 813 villam
895 749 1068 829 publicam,
1095 751 1149 812 ibi·

165 859 227 922 que
248 842 295 904 eis
316 843 405 903 locus
427 847 457 900 et
476 837 572 900 lautia
593 837 746 916 praebita,
773 843 804 900 et
823 837 863 898 ed
877 837 988 916 aedem
1001 835 1149 896 Bellonae

165 933 291 991 senatus
307 926 413 996 datus;
436 921 478 984 ibi
492 923 576 984 haud
589 923 685 984 marite
697 922 793 983 verba
807 922 903 994 iacta,
920 935 990 981 oum
1004 915 1148 980 Macedo-

163 1025 230 1086 nes,
248 1010 466 1088 quodcumque
481 1013 608 1070 senatus
624 1005 813 1080 censuisset,
832 1004 865 1065 id
878 1017 984 1081 regern
998 1004 1149 1064 tactorum

164 1111 237 1160 esse
252 1093 398 1156 dicerent.
443 1092 552 1154 decem
565 1089 657 1168 legati
672 1103 758 1152 more
770 1088 936 1163 maiorum,
962 1103 1096 1164 quorum
1110 1103 1149 1148 ex

165 1177 296 1242 consilio
307 1177 340 1238 Τ.
352 1175 510 1252 Quinctius
524 1175 690 1252 imperator
701 1175 787 1250 leges
799 1173 887 1250 pacis
898 1171 1041 1248 Philippo
1053 1172 1150 1246 daret,

164 1262 295 1337 decreti,
311 1261 543 1336 adiectumque,
558 1267 592 1321 ut
605 1258 636 1320 in
652 1275 690 1320 eo
705 1267 832 1319 numero
847 1258 1018 1334 legatorum
1031 1255 1065 1316 P.
1083 1255 1149 1316 Sul-

163 1347 265 1426 picius
281 1355 311 1408 et
323 1346 355 1405 P.
370 1345 482 1406 Villius
497 1352 619 1416 essent,
642 1342 696 1419 qui
716 1343 863 1404 consoles
880 1335 1073 1418 provinciam
1086 1341 1149 1400 Ma-

165 1431 328 1494 cedoniarn
343 1427 558 1490 obtinuissent
592 1426 721 1489 Cosanis
737 1443 774 1488 eo
791 1425 842 1486 die
855 1425 1101 1502 postulantibus,
1117 1432 1151 1485 ιιι

164 1513 224 1576 sibi
239 1515 420 1575 colonorum
433 1526 580 1572 muneras
601 1517 778 1586 augeretur,
802 1511 884 1570 mille
904 1508 1041 1570 adscribi
1062 1507 1150 1583 iussi,

165 1599 238 1660 dum
251 1614 291 1658 ne
307 1596 376 1672 quis
397 1595 429 1655 in
450 1612 487 1656 eo
504 1610 631 1656 nurnero
653 1602 753 1670 esset,
775 1595 828 1671 qui
842 1601 915 1670 post
927 1593 958 1654 Ρ.
976 1593 1150 1655 Cornelium

165 1691 196 1742 et
209 1681 253 1741 Ti.
269 1678 485 1756 Sempronium
500 1680 646 1741 consides
660 1677 759 1740 hostis
776 1678 895 1741 linisset.

247 1763 341 1826 Xllv.
361 1763 441 1832 Ludi
459 1762 590 1844 Romani
612 1777 650 1824 eo
671 1773 753 1825 anno
773 1763 805 1824 in
827 1762 910 1824 olrco
937 1775 1097 1838 scenaque
1112 1761 1151 1822 ab

165 1847 317 1910 aedilibus
339 1848 512 1923 eurudibus,
532 1845 564 1907 P.
581 1847 721 1910 cornelio
743 1846 891 1924 Scipione
912 1855 943 1909 el
964 1847 1017 1908 cn.
1034 1845 1150 1906 Manlio

164 1934 321 2009 Vulsone,
345 1939 376 1994 et
396 1929 642 2008 magnificentius
669 1947 761 2008 quern
782 1931 867 1993 alios
881 1930 968 2006 teeti,
993 1939 1025 1992 et
1038 1929 1151 1992 laetius

166 2025 294 2094 propter
307 2031 358 2078 res
372 2015 455 2078 bello
469 2017 550 2077 bene
564 2023 670 2092 gestas
684 2015 824 2091 spectati,
840 2015 959 2092 totique
972 2024 1021 2076 ter
1033 2013 1152 2075 instan·

165 2101 233 2163 rati.
275 2100 378 2178 plebei
400 2099 540 2176 septiens
559 2099 729 2162 instaurati.
769 2101 821 2159 Μ’.
841 2099 959 2160 Acilius
981 2097 1106 2160 Glabrio
1124 2105 1154 2159 et

166 2187 197 2247 c.
217 2185 341 2246 Laelius
363 2199 419 2246 eos
440 2184 531 2245 ludos
554 2185 707 2258 lecerunt,
730 2192 761 2246 et
781 2185 820 2245 de
840 2192 968 2259 argento
982 2181 1153 2244 multaticio

165 2269 223 2330 tria
244 2269 333 2344 signa
353 2283 466 2344 aenea,
489 2267 631 2330 Cererem
644 2267 851 2343 Liberumque
872 2276 903 2328 et
916 2267 1075 2341 Liberam,
1095 2281 1153 2342 po-

166 2360 303 2416 suerunt.
557 2404 560 2409 .

248 2437 283 2496 L.
297 2435 408 2499 Furius
423 2444 453 2499 et
466 2436 507 2497 Μ.
530 2434 674 2497 claudius
694 2435 860 2498 Marcellus
881 2436 1046 2498 consulatu
1066 2433 1155 2512 inito,

166 2538 235 2584 cum
250 2521 289 2582 de
304 2520 474 2598 provinciis
490 2528 632 2598 ageretur
645 2526 676 2580 et
690 2519 807 2581 ltaliam
820 2518 943 2596 utrique
957 2518 1154 2596 provinciam

166 2614 293 2668 sen-atus
308 2607 497 2678 decerneret,
511 2611 545 2666 ut
558 2603 773 2664 Macedoniarn
788 2619 858 2665 cuna
871 2603 957 2665 ltalia
968 2601 1155 2666 sonuenuu

165 2692 341 2754 tendebant.
368 2690 533 2751 Marcellus
549 2687 728 2764 provinciae
744 2689 885 2766 cupidior
899 2705 1010 2766 paoem
1026 2687 1154 2750 simula-

165 2784 227 2836 tam
247 2789 284 2834 ae
306 2775 446 2834 lallacem
466 2771 615 2845 dicendo,
638 2773 919 2846 et'rebellatururn,
946 2771 973 2834 si
993 2773 1154 2834 exereitus

164 2856 237 2917 inde
253 2857 432 2931 deportatus
447 2863 541 2928 esset,
557 2871 661 2930 regern
676 2857 787 2920 dubios
803 2856 974 2918 sententiae
985 2865 1094 2933 patres
1110 2859 1153 2918 ie-

165 2947 258 3002 cerat.
282 2947 312 2999 et
327 2937 455 3000 forsitan
471 2937 656 3001 obtinuisset
669 2943 795 3016 consul,
817 2940 847 3000 ni
863 2941 897 3016 Q.
912 2940 1049 3002 Marcius
1065 2943 1154 3002 Ralla

50 3027 54 3034 '
165 3029 196 3086 et
210 3023 242 3084 C.
258 3021 380 3084 Atinius
395 3023 498 3085 Labeo
513 3021 626 3084 tribuni
641 3024 740 3100 plebis
755 3040 791 3086 se
808 3024 1038 3087 intercessuros
1054 3025 1153 3086 dixis-

164 3113 243 3182 sent,
258 3106 290 3168 ni
304 3106 391 3184 prius
405 3106 466 3184 ipsi
481 3107 522 3168 ad
535 3108 659 3184 plebem
671 3108 822 3184 tulissent,
837 3111 953 3171 vellent
967 3108 1154 3171 iuberentne

164 3203 235 3254 curn
248 3199 322 3268 rege
336 3191 477 3269 Philippo
492 3204 602 3268 peeern
616 3208 698 3254 esse.
721 3210 758 3254 ea
771 3193 891 3270 rogatio
907 3192 937 3254 ln
946 3193 1099 3270 capitolio
1112 3193 1154 3253 ad

163 3278 287 3353 plebem
306 3277 368 3338 lata
389 3285 445 3337 est.
488 3287 597 3336 omnes
618 3275 755 3352 quinque
775 3286 806 3338 et
822 3276 946 3354 triginta
966 3276 1067 3339 tribus
1083 3275 1153 3352 „uti

163 3365 279 3436 rogas‘
294 3359 459 3421 iusserunt.
482 3365 512 3421 et
527 3375 589 3436 quo
603 3359 702 3434 magis
717 3377 826 3434 pacem
839 3370 936 3422 return
951 3375 1025 3422 esse
1040 3361 1072 3422 in
1086 3361 1153 3422 Ma-

164 3442 297 3504 cedonia
307 3445 400 3520 vulgo
413 3445 606 3514 laetarentur,
618 3443 714 3506 tristis
727 3460 767 3504 ex
776 3443 927 3521 Hispania
937 3445 1061 3506 adlatus
1073 3459 1154 3509 nnn-
