2482 3902
162 200 229 268 tat
313 200 777 264 LIBXRXXle.cAP.e.1a
799 201 836 278 [a
849 205 920 260 ue.
933 202 998 280 eet]

162 361 220 425 sed
242 359 395 422 (tmeeun
415 353 563 432 oppidum
585 352 617 416 in
632 370 718 415 mare
736 352 915 430 expostum
927 360 1024 416 totum
1038 353 1146 418 arbem

161 443 240 506 muri
254 442 356 504 miuus
371 437 614 517 qmdrlnnsnms
630 454 745 515 passus
760 445 915 515 petentem
928 437 1076 508 habebam
1092 436 1146 499 lli-

161 526 269 605 spnnis
282 523 443 590 retractior
456 540 476 584 a
490 522 567 584 meri
580 522 673 586 trium
682 521 803 584 millum
810 537 964 599 passuum
970 521 1005 584 in
1017 520 1148 584 metum

160 627 266 674 murus
282 615 356 672 arat.
378 605 499 686 tertbnu
510 622 610 684 gemus
621 605 754 669 Romani
765 605 868 669 coloni
880 605 919 668 ab
931 603 1148 668 dlveceesere

159 702 235 774 pest
243 690 519 769 deuictasanpai
528 689 775 754 libamsadiectd
788 707 870 753 nune
881 689 912 752 iu
923 706 1038 766 corpure
1049 707 1148 756 unum

161 777 286 844 confusi
298 793 406 840 amnes
421 773 570 852 tltspanls
583 774 681 852 prius
696 783 855 851 postrema
871 783 902 838 el
915 773 1042 836 Greeeis
1056 773 1090 835 iu
1103 773 1148 836 ei·

160 861 284 924 vitatem
297 861 466 922 Romanam
480 859 620 922 admitte.
660 857 835 932 miraretur,
858 857 913 936 qui
928 866 993 920 tum
1006 867 1148 922 temeret

159 954 267 1024 aperto
282 944 359 1006 meai
372 945 412 1006 ab
426 945 522 1006 altere
536 952 633 1021 parte,
649 943 688 1005 ab
702 944 799 1006 altera
812 942 971 1020 Hispanis,
985 950 1047 1005 tem
1060 945 1148 1004 larue

159 1039 191 1094 et
203 1029 371 1092 helicem
385 1027 485 1106 genti,
506 1026 662 1103 obiectas,
673 1043 761 1106 ,quea
774 1045 825 1090 res
840 1043 898 1090 eos
911 1034 1068 1090 mutetur.
1099 1027 1147 1088 dl-

159 1113 292 1192 sciplina
312 1121 378 1176 erat
399 1113 508 1176 austae
526 1111 728 1188 mflmrileds,
757 1129 850 1190 quam
873 1111 953 1175 inter
976 1111 1147 1174 validiores

159 1197 276 1276 optime
286 1197 377 1260 timer
387 1196 531 1260 cendunt.
553 1205 673 1274 perlem
682 1195 762 1258 intui
775 1213 898 1259 versam
909 1193 941 1257 in
951 1212 1045 1273 agros
1056 1211 1146 1272 egee

159 1282 209 1360 gie
223 1281 369 1344 munitam
383 1281 545 1356 habebant,
560 1299 624 1342 una
637 1289 753 1344 tentum
763 1281 795 1343 in
806 1298 874 1344 eam
884 1280 1042 1358 reponem
1054 1288 1147 1357 porta

158 1366 318 1444 imposita,
334 1365 423 1428 cuius
438 1367 589 1428 adsiduus
605 1374 712 1428 custos
728 1381 853 1443 semper
865 1363 979 1443 ellquis
994 1381 1034 1426 ex
1048 1364 1146 1442 magi-

159 1451 307 1514 stratibus
319 1457 394 1512 erat
416 1457 507 1512 noete
521 1467 594 1526 pars
609 1449 700 1512 tertia
713 1448 825 1512 civium
846 1449 878 1510 in
898 1449 994 1512 muris
1008 1449 1146 1511 excuba-

158 1537 225 1608 batr
251 1551 355 1610 neque
369 1533 464 1597 maris
479 1550 575 1596 cause
588 1539 705 1596 tantum
719 1542 773 1595 aut
786 1533 879 1610 legis,
907 1535 965 1596 sed
986 1541 1105 1610 quante
1119 1533 1147 1596 si

158 1618 260 1682 hemis
279 1619 320 1680 ed
333 1625 442 1696 pertus
458 1626 558 1694 esset,
579 1618 746 1680 servabant
759 1617 884 1694 uigilias
898 1627 928 1681 et
943 1618 1148 1680 circumibunt

159 1719 243 1766 eura.
270 1702 441 1781 Hispanum
455 1701 608 1764 neminem
621 1701 653 1764 in
667 1703 776 1765 urbem
790 1702 988 1780 recipiebant.
1026 1719 1066 1779 ne
1080 1702 1146 1779 ipsi

159 1785 285 1863 quidem
298 1794 415 1849 temere
427 1787 504 1849 tube
519 1787 720 1850 excedebant.
749 1788 790 1849 ad
803 1805 887 1849 urere
902 1788 1029 1864 patebat
1043 1787 1144 1849 emni-

158 1872 217 1933 bus
241 1869 353 1933 exitus.
389 1879 480 1948 porta
498 1872 538 1933 ad
552 1870 761 1950 Hispanorum
783 1871 934 1950 oppidum
947 1889 1041 1934 versa
1055 1889 1145 1934 num-

159 1953 320 2032 quamntst
331 1956 519 2032 trequentes,
531 1972 605 2034 pers
616 1956 704 2018 tertia
714 1957 787 2030 lere,
801 1955 891 2018 anius
901 1956 1145 2036 proximanacte

157 2036 282 2116 skillae
294 2037 327 2100 in
341 2038 436 2102 muris
457 2041 591 2114 merant,
615 2038 861 2116 egrediebantur.
897 2057 994 2103 eausa
1007 2040 1146 2102 exeundi

156 2117 236 2184 huet
250 2130 324 2184 aret.
358 2121 544 2185 commerem
557 2140 665 2185 eorum
678 2123 810 2202 Hispani
823 2123 1033 2203 imprudentes
1047 2123 1145 2187 maris

157 2205 348 2282 gaudebant,
372 2205 565 2284 mercatique
586 2215 617 2270 et
636 2206 698 2286 ipsi
716 2225 755 2270 ca
770 2225 851 2286 qnae
866 2218 995 2273 externa
1008 2207 1145 2270 navibus

156 2288 382 2365 inveherentur,
398 2299 429 2352 et
443 2307 586 2368 agrorum
600 2291 725 2370 exigere
741 2294 859 2356 fruetus
873 2294 1026 2358 volebant
1047 2291 1145 2356 huius

155 2371 253 2436 mutui
266 2389 345 2438 usus
358 2374 561 2451 desiderium,
582 2385 616 2439 ut
629 2377 767 2454 Hispana
780 2379 856 2440 urbs
870 2377 997 2442 Graecis
1011 2377 1144 2456 pataret,

156 2457 297 2522 iaciebat.
338 2467 425 2522 erant
445 2459 538 2524 etiam
557 2477 595 2524 ee
617 2461 761 2536 tutiores,
783 2461 869 2539 quod
881 2464 940 2525 sub
955 2462 1064 2524 umbra
1076 2462 1144 2524 Ro·

155 2556 264 2605 manue
279 2543 430 2608 anticitiue
450 2545 598 2621 latebant,
625 2563 717 2624 quam
738 2545 818 2609 sieut
836 2545 1008 2609 mineribus
1022 2545 1144 2610 viribus

156 2645 249 2705 quum
262 2627 482 2704 Massiliensis,
506 2630 574 2707 pari
589 2632 731 2694 celebant
745 2631 817 2693 fide.
846 2639 909 2693 tum
924 2647 1051 2709 quoque
1065 2647 1143 2693 cen-

155 2713 254 2774 sulem
268 2713 499 2790 exercitumque
514 2715 642 2778 comiter
655 2731 693 2777 ne
703 2713 838 2792 benigne
848 2723 1046 2794 aeeeperunt.
1061 2732 1142 2792 pau·

155 2810 211 2856 eos
225 2794 268 2854 ibi
283 2805 421 2858 moratus
434 2797 599 2872 eliescurte,
615 2801 686 2859 dum
698 2801 884 2876 exploraret,
898 2799 951 2864 ubi
962 2809 993 2864 et
1005 2807 1142 2878 quantae

153 2875 288 2938 hostium
309 2879 418 2954 copiae
438 2890 559 2958 essent,
581 2891 616 2944 ut
629 2899 669 2944 ne
684 2900 771 2945 mora
783 2884 908 2962 quidem
926 2883 1031 2961 segnis
1042 2892 1140 2956 esset,

153 2976 246 3022 omne
255 2959 288 3022 id
303 2968 426 3039 tenpus
439 2965 626 3028 exercendis
638 2965 785 3030 militibus
800 2967 1002 3047 consumpsit.
1025 2969 1058 3030 ld
1072 2976 1140 3030 erat

153 3045 232 3106 lette
252 3052 373 3122 tempus
393 3047 481 3121 anni,
502 3057 536 3112 ut
556 3051 740 3114 nummulum
754 3051 786 3113 in
800 3053 885 3116 araia
896 3053 1028 3131 Hispani
1041 3053 1138 3115 habs-

151 3137 228 3191 rant.
264 3128 369 3208 itaque
382 3133 629 3210 redemptoribus
650 3135 754 3198 vetitis
768 3137 951 3201 lrumentum
973 3154 1084 3216 perere
1097 3153 1137 3198 ac

151 3215 281 3276 Romam
298 3215 435 3279 diunissis
449 3218 604 3293 ‚,bellum“
615 3218 716 3298 inquit
730 3220 904 3298 „seipsum
917 3224 1010 3285 elet.“
1031 3222 1136 3298 prule

152 3305 219 3360 elus
231 3299 271 3360 eb
276 3299 433 3378 emporiis
439 3317 532 3378 agras
543 3303 679 3366 hostium
690 3303 751 3366 urit
760 3314 933 3385 vastatque,
947 3305 1051 3368 omnia
1062 3307 1137 3381 luga

151 3389 182 3440 et
195 3391 311 3445 terrere
330 3387 471 3464 complet.

230 3465 266 3526 X.
287 3467 405 3531 Eodem
419 3477 557 3548 tempore
571 3472 612 3534 Μ.
628 3473 740 3534 Helvio
755 3475 918 3538 decedenti
932 3493 972 3538 ex
987 3473 1135 3537 ulteriore
