2480 3904
208 253 271 316 226
367 251 484 314 LIBER
498 251 632 312 XXXVI.
654 250 737 314 che.
751 259 778 314 ⁶.
789 259 816 316 t.
838 257 876 325 [a.
887 256 922 309 U.
935 274 958 348 c.
969 257 1032 325 561]

206 413 267 480 ret,
284 404 414 464 navibus
429 417 467 464 eo
483 402 524 464 ad
539 402 620 462 diem
634 402 780 464 indictum
795 399 925 464 concilio
940 401 1031 465 veuit
1052 410 1084 464 et
1097 404 1184 479 Amy·

207 489 325 549 nander
340 488 456 548 accitus
471 486 512 546 ad
531 487 767 548 consultandum
788 502 829 548 ex
842 486 1043 555 Athamanie3
1068 496 1098 548 ct
1111 487 1184 548 Han

206 574 288 633 nibal
302 571 441 644 Poenus,
454 571 515 631 iarn
530 571 583 632 diu
596 587 658 632 non
674 571 843 646 adhibitas,
858 571 994 632 interluit
1004 571 1037 631 ei
1053 571 1184 632 consilio.

208 657 413 718 consultatum
429 656 468 715 de
480 655 699 716 Thessalorum
712 662 804 730 gente
818 663 880 729 est,
903 667 1036 731 quorum
1052 655 1185 716 omnibus

207 741 261 816 qui
281 741 409 800 aderant
428 741 571 800 voluntas
591 739 770 816 temptanda
787 739 958 801 videbatur.
992 740 1024 799 in
1047 755 1087 800 eo
1101 740 1184 800 modo

206 825 349 884 diversae
363 823 532 884 sententiae
553 831 654 899 erant,
676 824 760 900 quod
780 824 830 883 alii
851 825 1007 899 extemplo
1030 824 1183 898 agendum,

206 909 257 969 alii
272 923 311 968 ex
325 907 440 982 hieme,
463 923 544 984 quae
563 915 627 969 tum
648 909 744 968 terme
765 906 867 968 media
881 915 961 982 crat,
987 905 1184 968 differendum

206 993 237 1053 in
252 993 333 1053 veris
348 993 541 1069 principium,
556 1001 587 1054 et
601 991 652 1053 alii
662 995 781 1068 legatos
793 993 1003 1054 tautummodo
1016 991 1185 1058 mittendos,

207 1077 259 1138 alii
280 1092 348 1138 cum
369 1077 512 1138 omnibus
534 1077 633 1153 copiis
654 1078 789 1139 eundum
810 1077 994 1150 censebant,
1014 1076 1184 1136 terrendos-

208 1177 269 1240 que
291 1169 390 1237 metu,
416 1160 443 1222 si
469 1169 692 1223 cunctarentur.
727 1162 794 1220 Vll.
820 1177 890 1222 cum
915 1162 999 1222 circa
1022 1160 1107 1222 hanc
1130 1161 1185 1219 lere

208 1246 464 1309 consultationem
489 1245 672 1322 disceptatio
702 1246 801 1308 omnis
826 1251 1013 1320 verteretur,
1040 1243 1184 1305 Hannibal

206 1329 383 1394 nominatim
398 1329 603 1406 interrogatus
619 1331 801 1392 sententiam
815 1331 845 1390 in
861 1330 998 1390 universi
1019 1327 1096 1388 belli
1110 1327 1182 1403 cogi-

206 1413 352 1478 tationem
366 1429 471 1490 regem
485 1422 577 1489 atque
592 1429 648 1475 eos
665 1411 718 1490 qui
732 1414 860 1475 aderant
876 1415 928 1474 tali
949 1412 1094 1474 oratione
1107 1428 1183 1472 aver-

205 1501 250 1562 at
271 1498 319 1576 „si
334 1514 374 1560 ex
389 1515 451 1574 quo
466 1497 641 1559 traiecimus
663 1498 694 1557 in
717 1497 890 1572 Graeciam,
910 1495 1070 1558 adhibitus
1091 1512 1182 1556 essem

206 1583 238 1644 in
253 1583 430 1657 eonsilium,
446 1598 516 1644 cum
531 1583 570 1642 de
583 1581 711 1644 Euboea
725 1583 827 1658 deque
843 1581 977 1642 Achaeis
991 1588 1024 1640 et
1039 1582 1081 1642 de
1094 1581 1181 1642 Boco-

206 1667 248 1728 tia
262 1669 425 1744 agebatur,
452 1664 582 1727 eandem
601 1666 783 1727 sententiam
803 1663 952 1727 dixissem
974 1681 1073 1742 quam
1092 1665 1182 1734 hodie,

207 1767 276 1812 cum
290 1753 330 1812 de
340 1750 496 1812 Thessalis
510 1749 627 1825 agitur,
642 1750 752 1811 dicatu
774 1759 844 1810 ante
860 1748 1146 1826 omniaPhilipprun
1158 1755 1181 1808 et

207 1835 395 1896 Macedones
411 1834 442 1896 in
457 1833 637 1896 societatem
651 1834 724 1896 belli
738 1850 934 1910 quacumque
943 1833 1067 1895 maone
1079 1846 1181 1895 oerrseo

206 1920 408 1982 deducendos
423 1935 505 1981 esse.
534 1936 605 1980 nam
621 1919 706 1994 quod
720 1920 760 1979 ad
773 1919 930 1980 Euboeam
945 1919 1146 1996 Boeotosque
1158 1923 1181 1974 et
1220 1917 1221 1958 l

205 2005 374 2066 Thessalos
388 2004 508 2075 attinet,
531 2002 584 2078 qui
599 2003 724 2064 dubium
737 2011 785 2064 est
799 2002 887 2078 quim
909 2009 943 2062 ut
957 2001 1075 2077 quibus
1093 2001 1181 2062 nullae
1219 2005 1220 2036 l

207 2104 284 2149 suae
309 2087 392 2147 vires
418 2085 494 2160 sint,
519 2087 736 2161 praesentibus
756 2087 910 2148 adtdando
932 2101 1075 2161 semper,
1103 2099 1181 2161 quem
1218 2073 1219 2114 ¹

206 2178 319 2232 metum
330 2170 362 2230 in
370 2168 500 2248 consilio
512 2169 652 2242 habeant,
660 2170 770 2230 eodem
781 2172 821 2230 ad
832 2169 1060 2246 impetrandam
1072 2168 1181 2232 veniam

206 2261 343 2314 utantur:
373 2252 463 2314 simul
477 2267 514 2313 ac
528 2254 700 2314 Romanurn
721 2255 888 2316 exercitum
908 2254 938 2315 in
955 2253 1090 2316 Graecia
1107 2253 1180 2312 vide-

206 2337 281 2412 rint,
298 2339 339 2398 ad
354 2343 538 2399 consuetum
552 2337 713 2414 imperium
728 2355 764 2399 se
780 2346 934 2413 avertant,
951 2355 1009 2400 nec
1025 2338 1066 2400 ils
1082 2335 1181 2400 noxiae

160 2485 162 2492 ,
207 2423 341 2484 latarum
352 2422 392 2485 sit
404 2423 503 2499 quod,
521 2438 590 2484 cum
601 2422 731 2494 Romani
743 2425 850 2497 procul
862 2423 1019 2497 abessent,
1034 2423 1180 2484 nminem

207 2507 379 2584 praesentis
405 2507 623 2584 exercitusque
646 2509 689 2568 tui
715 2507 849 2583 experiri
867 2505 1044 2568 noluerintc
1077 2509 1179 2583 quanto

205 2593 297 2668 igitur
322 2593 407 2669 prius
433 2593 601 2669 potiusque
623 2600 672 2653 est
691 2592 865 2666 Philippum
885 2591 976 2652 nobis
1002 2593 1192 2665 coniungere¹

207 2693 299 2752 quam
312 2677 393 2738 host
415 2679 468 2752 qui
483 2677 509 2738 si
524 2678 620 2738 semel
635 2677 665 2736 in
682 2691 807 2736 causam
821 2675 1034 2748 descenderit,
1056 2674 1131 2735 nibil
1144 2672 1178 2730 in·

205 2761 282 2834 tegri
297 2761 430 2820 futurum
445 2760 499 2833 sit,
516 2761 631 2836 quique
646 2777 701 2821 eas
715 2759 798 2820 viras
814 2760 947 2831 adierat,
965 2772 1046 2834 quae
1062 2775 1125 2820 non
1138 2770 1178 2815 aa·
1197 2795 1198 2800 η

206 2843 308 2902 cessio
320 2850 436 2903 tantum
448 2842 489 2903 ad
498 2843 670 2904 Romanum
681 2860 754 2905 esse
765 2843 894 2917 bellum,
910 2844 968 2903 sed
979 2859 1038 2918 per
1051 2859 1089 2905 se
1103 2843 1180 2918 ipsae

206 2941 305 3000 nuper
320 2927 472 2988 sustinere
486 2928 643 3002 potuerint
657 2929 824 2989 Romanos.
845 2927 907 2987 hoc
921 2943 980 3002 ego
996 2928 1178 2988 adiuncto-

204 3008 286 3070 absit
306 3009 400 3071 verbo
427 3009 598 3070 invidia-
613 3012 664 3087 qui
690 3010 831 3072 dubitare
855 3011 895 3071 de
921 3018 1035 3072 eventu
1059 3007 1178 3088 possim,

206 3109 290 3168 cum,
313 3094 425 3170 quibus
447 3095 600 3157 adversus
614 3095 787 3171 Philippum
807 3094 959 3157 valuerint
973 3095 1120 3168 Romani,
1139 3091 1177 3149 his

205 3193 287 3240 nunc
304 3179 371 3241 lore
385 3179 507 3240 videam
527 3186 562 3242 ut
581 3179 641 3256 ipsi
657 3187 884 3256 oppugnentur.
905 3177 1025 3253 Aetoli,
1048 3178 1101 3256 qui
1119 3171 1176 3235 Phi·

205 3263 334 3339 lippum,
351 3263 436 3340 quad
446 3264 524 3326 inter
535 3279 643 3326 omnes
658 3270 787 3338 constat,
803 3264 950 3338 vicerunt,
965 3279 1037 3324 cum
1046 3262 1176 3334 Philippo

204 3347 357 3409 adversus
371 3349 529 3410 Romanos
549 3348 737 3424 pugnabunt.
767 3348 971 3426 Amynander
986 3356 1079 3424 atque
1092 3344 1174 3406 Atha·

204 3444 326 3490 manum
350 3447 444 3506 gens,
470 3448 601 3508 quorum
627 3432 797 3493 secundum
822 3429 953 3495 Aetolos
978 3431 1108 3508 plurima
1130 3424 1175 3484 luit

204 3525 301 3584 opera
321 3513 351 3571 in
371 3530 409 3575 eo
431 3515 528 3590 bello,
554 3513 715 3576 nobiscum
736 3515 869 3577 stabunt.
901 3515 1064 3592 Philippus
1077 3515 1174 3576 tuma
