2506 3898
265 189 380 252 unsa
394 190 553 252 xxxvrn.
579 190 661 250 erar.
676 157 776 254 aaa
798 195 953 272 [mc-189]
1036 193 1099 256 ato

101 345 153 404 de
169 343 367 404 restituendis
382 343 419 404 iis
441 344 553 404 lactum
568 350 624 404 est.
646 351 677 404 ct
689 343 842 405 mentione
856 345 939 404 illata
953 351 1098 414 externos

104 427 280 488 auxiliares
301 426 446 488 dimissos
469 443 508 488 ec
527 427 779 488 Lacedaemoniis
802 427 975 506 adscriptos
994 462 1039 476 —-
1058 429 1099 492 ita

102 511 196 570 enim
215 510 370 572 vocabant
390 511 442 586 qui
461 509 501 570 ab
519 510 658 587 inauris
672 509 789 573 lberali
803 518 940 574 amnt-
954 512 1031 578 orbe
1044 529 1096 580 ex·

102 594 252 655 cessisse
266 594 296 653 in
311 609 405 670 agros
419 594 571 670 dilapsos,
590 595 771 669 priusquam
792 594 990 659 dimitteretur
1010 612 1098 656 exer-

99 677 209 753 eitus,
231 677 276 738 ire
297 685 469 753 praetorem
489 693 558 738 curn
579 677 731 754 expeditis
746 685 778 739 et
791 678 1053 754 comprehendere
1066 680 1099 740 id

100 775 212 836 genus
235 761 392 823 hominum
417 769 446 822 et
467 763 601 822 rendam
621 763 686 822 iure
706 763 841 837 praedae
861 764 984 838 placuit.
1013 764 1098 828 multi

99 845 330 920 comprehensi
342 845 511 906 venierunt.
539 847 676 921 porticus
696 861 739 906 eu
755 861 792 908 ea
812 847 943 922 pemeria
962 846 1096 923 Mende

102 929 179 1008 poli
194 930 348 1005 permissu
359 929 551 991 Achaeorum
561 930 677 990 relecta
688 935 744 1002 est,
760 945 851 1004 quarn
863 929 1097 996 Lacedaemonii

101 1014 279 1074 diruerant.
300 1020 332 1074 et
347 1013 616 1088 eger'Belbinates,
639 1027 729 1090 quem
744 1010 853 1072 iniuria
866 1013 988 1088 tyranni
1001 1015 1096 1076 Lace-

101 1097 345 1158 daemoniornm
371 1097 584 1172 possederant,
613 1095 770 1156 restitutus
794 1095 895 1156 eidem
920 1097 1033 1160 civitati
1056 1113 1097 1157 ex

101 1183 238 1242 decreto
264 1187 366 1241 amere
387 1178 595 1254 Actaeorum,
622 1178 706 1254 qued
730 1179 842 1240 lactum
868 1186 933 1240 erat
955 1179 1096 1256 Philippo

103 1269 267 1344 Amyntae
287 1264 349 1324 lilio
369 1272 526 1340 regnante.
554 1279 609 1338 per
629 1263 706 1324 laada
722 1263 811 1324 uelut
830 1270 974 1324 enervate
986 1262 1096 1330 civitas

103 1347 423 1410 Lacedaemoniorum
442 1349 495 1409 diu
508 1347 642 1408 deliacis
663 1345 797 1408 obnoxia
812 1347 876 1408 luit.
898 1348 981 1409 nulla
993 1354 1095 1411 tamma

103 1447 163 1492 res
184 1439 267 1493 tanta
288 1439 354 1492 erat
372 1433 484 1506 dunno
506 1447 597 1506 quara
617 1431 780 1506 disciplina
798 1430 945 1510 Lycurgi,
971 1432 1021 1492 eui
1042 1447 1097 1506 per

102 1515 323 1594 ¹septingentas
335 1531 436 1577 annus
450 1515 623 1588 adsuerant
633 1515 770 1576 sublata.

197 1599 317 1659 XXXV.
340 1601 368 1658 A
388 1599 532 1673 concillo,
557 1599 609 1660 uhi
630 1600 670 1659 ed
685 1599 843 1660 consulem
856 1597 935 1660 inter
951 1598 1095 1660 Achaeos

103 1683 435 1758 Lacedaemoniosque
449 1684 651 1758 disceptatum
668 1691 723 1757 est,
737 1683 778 1742 Μ.
793 1681 927 1756 Fuluius,
951 1682 1095 1757 quinium

104 1765 141 1827 in
159 1765 357 1826 exituannus
372 1773 451 1838 eret,
475 1766 664 1827 comitiorum
684 1782 780 1826 causa
793 1768 951 1840 proiectus
965 1767 1094 1847 Romam
1187 1775 1190 1781 '

105 1849 229 1910 creavit
238 1850 388 1908 »mucuns
402 1849 441 1908 Μ.
456 1847 611 1910 Valerium
625 1849 801 1909 Messallam
816 1857 846 1908 et
860 1849 890 1909 C.
906 1849 1024 1910 Livium
1039 1849 1094 1910 Sa-

105 1934 281 2006 linatorem,
290 1947 358 1992 cum
369 1933 409 1992 Μ.
421 1933 582 1994 Aemilium
594 1932 743 2006 Lepidum
754 1929 908 1991 inimicum
919 1949 957 1992 ao
970 1949 1095 2007 quoque

105 2029 194 2076 anno
205 2023 358 2093 petentem
370 2015 543 2078 deiecisset.
559 2016 799 2092 praetoresinde
811 2014 949 2090 creatio.
961 2013 1095 2076 Marcius
1110 2059 1112 2066 .

105 2098 271 2174 Philippus
287 2099 332 2158 Μ.
345 2099 488 2161 Claudius
502 2100 667 2160 ‘Marcellus
690 2100 721 2160 C.
739 2098 902 2161 Stertinius
923 2100 954 2160 C.
973 2097 1094 2160 Atinius

106 2184 141 2242 P.
154 2181 301 2243 Claudius
321 2183 450 2244 Pulelrer
463 2185 496 2243 L.
507 2183 644 2244 ¹Manlius
658 2184 818 2244 Acidinus
847 2182 977 2244 comitiis
995 2182 1093 2258 perle-

106 2267 169 2328 ctis
191 2268 349 2328 consulem
362 2267 403 2326 Μ.
417 2267 553 2328 Fulvium
574 2269 603 2328 in
627 2268 861 2344 provinciam-et
874 2268 914 2328 ad
929 2267 1096 2328 exercitum

107 2349 214 2410 redire
235 2351 364 2426 placuit,
388 2351 480 2426 eique
502 2359 531 2411 et
545 2352 682 2426 collegae
693 2351 747 2411 Cn.
762 2351 876 2412 lilanlio
891 2350 1050 2426 imperium
1063 2350 1094 2410 in

108 2450 223 2494 annum
236 2441 438 2510 prorogatum
451 2441 508 2495 cst.
527 2449 570 2495 eo
586 2451 666 2494 anuo
680 2435 711 2493 in
727 2434 806 2494 aede
816 2432 959 2494 Herculis
972 2434 1092 2508 signum

102 2517 162 2578 -dei
177 2517 277 2593 ipsius
293 2534 331 2578 ex
347 2516 586 2580 decemvirorum
601 2533 764 2594 responso,
781 2525 810 2576 et
820 2517 946 2591 seiuges
961 2516 991 2575 in
1007 2515 1094 2590 capi·

109 2601 186 2662 tolio
207 2602 340 2664 auratia
370 2601 403 2662 P.
425 2603 565 2664 Cornelio
583 2601 691 2678 posim
722 2600 881 2662 consulem
903 2599 1029 2659 dedisse
1049 2599 1094 2658 in-

108 2686 262 2760 scriptum
272 2694 339 2748 est.
365 2694 396 2747 et
409 2686 571 2747 duodecim
590 2686 689 2761 clipea
702 2692 811 2744 aurata
823 2683 863 2744 ab
878 2681 1028 2743 aedilibus
1044 2697 1094 2742 cu·

109 2769 229 2830 rulibus
253 2769 285 2829 P.
308 2769 433 2831 claudio
452 2769 583 2830 Pulchro
609 2777 640 2830 et
658 2767 724 2830 Ser.
746 2766 883 2844 Sulpicio
904 2765 1001 2827 Galba
1024 2771 1096 2826 sunt

109 2853 215 2928 posita
234 2870 276 2914 ex
296 2855 441 2930 pecunia,
468 2869 530 2930 qna
549 2852 763 2914 frumentarios
785 2852 824 2912 ob
846 2865 997 2911 annonam
1013 2865 1092 2911 cona

110 2951 252 3012 pressam
274 2939 463 3000 damnarunt.
492 2945 521 2999 et
542 2939 649 3000 aedilis
668 2936 749 3012 plebi
771 2933 1094 3010 centensimus

111 3022 174 3083 duo
187 3021 280 3097 signa
295 3029 403 3084 aurata
418 3039 481 3084 uno
494 3037 549 3083 reo
565 3023 708 3084 damnato
726 3055 762 3066 -·-
778 3037 850 3081 narn
865 3018 1031 3096 separatim
1044 3033 1094 3077 ac·

111 3113 297 3167 cusaverant
310 3137 352 3151 —
366 3107 478 3182 posuit.
506 3107 624 3181 collega
644 3106 711 3166 eius
726 3107 763 3165 Α.
780 3105 928 3165 Caecilius
943 3100 1093 3162 neminem

112 3191 336 3252 condemnavit.
358 3191 421 3251 ludi
435 3189 565 3251 Romani
578 3197 633 3264 ter,
656 3188 766 3264 plebeii
782 3187 967 3264 quinquiens
980 3185 1035 3246 toli
1049 3184 1092 3246 in·

112 3275 249 3334 staurati.

197 3357 237 3416 Μ.
248 3356 391 3419 i'alcrins
401 3357 551 3418 ¹Messalla
565 3355 636 3416 inde
650 3363 681 3416 et
696 3357 726 3416 c.
738 3353 843 3416 Livius
854 3353 1007 3415 Salinator
1021 3367 1092 3413 con-

114 3442 245 3502 sulatum
260 3441 360 3502 idllrus
375 3441 489 3502 Martiis
505 3439 731 3512 summissam,
757 3439 842 3499 dere
857 3436 980 3513 publica
993 3437 1095 3512 deque
