2480 3904
224 179 473 266 nleERxxxv.
497 203 746 268 caesenam.
771 209 925 279 [nomm]
1002 206 1063 272 197

95 364 208 434 posset:
237 356 292 417 sed
311 361 466 430 metuens,
488 371 528 415 ne
548 355 722 417 dilationem
742 371 792 416 res
813 371 876 418 non
898 364 1062 435 pateretur,

95 451 121 502 et
137 457 195 502 non
216 439 360 518 Gythium
379 441 480 501 solum
500 440 557 500 sed
578 438 766 514 praesidium
788 456 913 517 quoque
934 442 1063 504 missum

94 527 128 586 ad
139 524 279 586 tuendam
289 522 397 584 urbem
407 523 603 598 amitteretur,
615 523 913 586 navesthaeorum
925 525 1062 588 deduxit.

93 608 191 670 XXVI.
206 614 450 682 comparaverat
469 614 499 668 et
517 613 668 686 tyrannus
688 607 841 669 modicam
866 610 998 670 classem
1022 613 1063 672 ad

93 691 289 768 prohibenda,
311 691 338 752 si
353 707 415 766 qua
429 691 569 752 obsessis
583 691 659 752 mari
680 691 951 768 summitterentur,
973 709 1063 770 prae-

92 776 172 850 sidia,
183 782 245 835 tres
257 781 354 836 tectas
365 790 462 836 naves
474 773 632 836 ellembos
645 774 821 852 pristlsque,
838 776 948 838 uadita
958 786 1063 840 vetere

92 861 185 919 classe
199 874 240 918 ex
253 858 379 919 loedere
392 858 548 920 Romanis.
576 858 685 920 harum
699 875 848 920 novarum
862 867 925 921 tum
939 862 1062 922 navium

92 942 245 1018 agilitatem
265 949 299 1002 ut
319 942 523 1019 experiretur,
546 941 636 1002 simul
656 949 690 1004 ut
711 944 813 1003 onmia
833 945 908 1005 satis
930 951 1001 1020 apta
1022 945 1061 1008 ad

93 1032 237 1088 certamen
259 1033 379 1100 essent,
397 1025 623 1101 'provectos-in
645 1027 737 1088 altum
759 1027 896 1102 quotidie
915 1029 1063 1104 remigem

92 1109 270 1187 militemque
290 1108 461 1172 simulacris
482 1111 600 1170 navalis
621 1125 743 1186 pugnae
768 1110 946 1185 exercebat,
970 1113 1011 1172 in·
1024 1125 1063 1173 eo

90 1202 169 1256 ratus
183 1194 260 1256 verti
274 1209 364 1269 spem
379 1193 565 1268 obsidionis,
586 1195 613 1254 si
635 1193 790 1270 praesidia
804 1195 953 1256 maritima
972 1196 1062 1257 inter-

92 1279 235 1340 clusisset.
259 1283 383 1353 praetor
397 1277 594 1338 Achaeorum
614 1277 695 1339 siout
713 1277 903 1339 terrestrium
925 1280 1062 1340 certami-

91 1379 157 1422 num
171 1369 234 1424 arte
250 1361 390 1438 quemvis
406 1361 558 1422 clarorum
578 1360 794 1437 imperatorum
814 1364 864 1422 vel
879 1378 939 1423 usu
952 1363 1002 1423 vel
1018 1363 1062 1423 in·

91 1447 172 1521 genio
187 1444 355 1522 aequabat,
371 1445 413 1506 ita
425 1444 512 1505 rudis
527 1445 557 1505 in
571 1460 606 1505 re
621 1445 721 1505 navali
736 1453 815 1520 erat,
832 1446 946 1522 Arcas,
967 1445 1059 1506 medis

91 1537 246 1591 terraneos*
255 1529 365 1604 homo,
381 1536 576 1590 externorum
591 1530 682 1591 etiam
696 1529 846 1602 omnium,
860 1529 920 1590 nlsi
934 1529 1021 1605 quod
1031 1529 1060 1591 in

92 1613 171 1674 Creta
190 1613 367 1689 praelectus
388 1613 569 1675 auxiliorum
590 1613 784 1689 militaverat,
805 1613 940 1688 ignarus.
973 1614 1061 1674 navis

91 1704 149 1758 crat
161 1697 364 1774 quadriremis
378 1705 482 1774 vetus,
505 1703 597 1772 capta
609 1697 698 1758 annis
713 1703 783 1756 ante
798 1697 967 1773 octoginta,
993 1713 1062 1759 cum

91 1780 196 1842 Crateri
216 1797 347 1842 uxorem
366 1780 510 1841 Nicaeam
524 1797 543 1840 a
556 1780 715 1856 Naupacto
730 1779 905 1842 corinthum
921 1781 1062 1842 veheret=

90 1864 276 1932 hulusdama
296 1871 396 1926 motus
410 1897 454 1912 -·
467 1865 566 1926 luerat
586 1864 667 1925 enim
686 1864 789 1924 nobile
810 1865 840 1923 in
863 1865 964 1924 classe
978 1867 1063 1942 regia

91 1949 240 2026 quondam
254 1949 409 2024 navigium
422 1979 465 1992 —
480 1947 600 2020 deduci,
611 1947 650 2008 ab
668 1947 767 2024 Aegio
789 1955 909 2024 putrem
929 1947 989 2010 iam
1009 1949 1062 2008 ad-

91 2034 206 2094 modum
221 2039 254 2094 et
268 2039 418 2094 vetustate
431 2031 614 2094 dilabentem
628 2031 727 2093 iussio
759 2031 895 2093 hactum
910 2033 1064 2108 praetoria

91 2131 161 2177 nave
172 2117 378 2193 praecedente
390 2117 536 2192 classem,
553 2131 622 2177 cum
633 2117 663 2176 in
675 2131 713 2176 ea
722 2115 878 2178 Patrensis
889 2115 962 2177 Tiso
975 2131 1062 2192 prac-

91 2200 179 2262 lectus
200 2200 314 2262 classis
333 2199 510 2273 veheretur,
533 2209 731 2263 occurrerunt
744 2217 763 2261 a
778 2200 891 2280 Gythio
905 2200 1063 2262 Laconum

90 2299 194 2355 naves;
210 2291 240 2345 et
251 2284 351 2361 primo
363 2284 464 2344 statim
474 2283 600 2346 incursu
610 2284 651 2344 ad
662 2300 773 2346 novam
785 2291 814 2345 et
825 2285 943 2345 firmam
954 2299 1063 2345 navem

91 2375 186 2442 totus,
217 2383 299 2444 quae
322 2383 379 2444 per
403 2383 438 2428 se
462 2367 533 2444 ipsa
558 2368 700 2429 omnibus
724 2368 925 2443 compagibus
951 2383 1064 2445 aquam

90 2452 253 2528 acciperet,
269 2452 466 2525 divulsa'est,
482 2451 627 2528 captique
642 2466 748 2511 ornnes
764 2451 862 2526 quiin
876 2458 1064 2511 naveerant.

90 2543 185 2597 cetera
205 2536 317 2598 elassis
340 2535 493 2612 praetoria
513 2547 593 2595 nave
618 2534 733 2594 amissa
754 2540 899 2608 quantum
921 2547 1064 2608 quaeque

90 2621 175 2680 remis
195 2619 305 2695 valuit,
327 2620 477 2695 ingerunt.
505 2618 574 2694 ipse
589 2617 814 2692 Philopoemen
824 2617 854 2675 in
876 2615 936 2674 levi
952 2629 1063 2690 specu-

90 2703 190 2765 latoria
213 2717 294 2764 nave
318 2703 408 2778 rugit,
434 2717 492 2763 neo
516 2709 587 2764 ante
613 2700 819 2784 lagae'llnem
844 2713 937 2776 quam
956 2698 1063 2760 Patras

90 2795 205 2848 ventum
232 2794 281 2850 est
305 2787 385 2848 iecit.
417 2786 493 2846 nihil
512 2801 550 2847 ea
569 2802 620 2847 res
647 2784 779 2846 animum
799 2783 936 2845 militaris
958 2783 1065 2844 viriet

89 2873 194 2934 multos
209 2869 330 2948 experti
344 2886 438 2932 casus
450 2870 606 2931 imminuit
635 2869 708 2946 quin
730 2875 851 2945 contra,
873 2867 900 2928 si
916 2867 946 2927 in
961 2881 996 2928 re
1010 2883 1064 2928 na·

89 2955 157 3030 vali,
174 2957 262 3018 cadus
277 2961 363 3016 esset
375 2953 516 3030 ignarus,
532 2952 728 3031 offendisset,
749 2967 787 3014 eo
803 2955 873 3030 plus
888 2951 919 3012 in
934 2967 972 3014 ea
987 2967 1064 3028 quo-

90 3054 150 3100 rnm
164 3057 227 3102 usu
241 3040 367 3100 calleret
381 3038 448 3115 spei
462 3044 586 3114 nactus,
606 3038 702 3100 breve
718 3038 750 3098 id
773 3045 905 3117 tyranno
919 3035 1064 3112 gaudiam

90 3137 121 3181 sc
135 3123 314 3186 effecturum
329 3121 518 3184 adfirmabat.

167 3208 289 3268 XXVII.
321 3205 414 3268 Nabis
435 3221 504 3268 cum
525 3221 729 3282 prosperare
750 3206 862 3278 elatus,
890 3212 951 3264 tum
977 3216 1064 3276 spem

91 3285 175 3352 etiam
190 3291 275 3354 haud
290 3291 414 3352 dubiam
429 3297 537 3351 nactus
557 3289 632 3350 nihil
651 3288 710 3349 iam
724 3287 833 3348 amari
848 3285 974 3362 periculi
988 3286 1064 3358 lore,

92 3381 118 3433 et
130 3379 292 3437 terrestres
306 3375 408 3436 aditus
424 3373 567 3436 claudere
581 3379 754 3449 opportune
777 3369 885 3446 positis
901 3366 1064 3444 praesidiis

91 3457 190 3519 uoluit
213 3458 300 3520 tertia
315 3466 402 3536 parte
417 3457 574 3534 copiarum
589 3457 628 3530 ab
643 3455 805 3517 obsidione
817 3451 919 3532 Gytbii
934 3452 1065 3513 abducta
