2506 3898
188 221 250 288 beo
316 223 429 286 tinuit
443 221 604 316 mviii.
627 221 709 284 cnr.
727 227 822 284 tam.
846 228 882 294 [a.
897 227 931 279 υ.
944 244 967 278 a.
979 221 1044 299 aas]

188 385 289 440 antem
302 383 374 438 tnnc
387 376 476 436 ulum
491 375 674 451 populorum
688 375 785 451 rcgnli
800 372 945 450 ottingun
959 382 990 434 ct
1003 375 1167 438 combula·

189 476 291 522 marus
312 467 343 520 et
356 460 512 521 Gaulotus.
548 459 586 519 iis
605 457 682 518 haec
703 458 833 520 maxime
845 459 922 520 ratio
937 460 1009 520 belli
1023 461 1166 520 sumendi

189 548 302 617 lucrm,
325 544 492 620 quodcum
506 549 626 604 montes
646 541 832 604 editissimos
847 541 983 617 regionis
998 543 1065 604 eius
1081 549 1167 604 tene-

186 635 269 704 rent,
291 627 447 690 marcetis
469 626 626 700 omnibus,
648 640 729 702 quae
749 626 790 686 ad
810 641 900 688 usum
921 627 1063 702 quamvis
1083 627 1170 702 longi

187 713 335 788 temporis
349 711 540 782 sufficerent,
561 709 664 771 taedio
679 725 715 771 se
730 709 909 784 fatigaturos
923 709 1043 772 hostem
1059 725 1169 772 cense-

186 797 275 858 bant=
302 811 372 855 nam
395 809 497 870 neque
520 808 652 856 ausuros
674 808 731 871 per
750 800 812 855 tam
831 794 928 854 ardna
947 801 1040 870 atque
1061 794 1171 871 iniqua

186 883 257 944 loca
270 879 373 940 subire
385 891 460 949 'eos;
482 885 513 940 et
527 877 554 938 si
569 885 761 950 conarentur,
783 879 831 938 vel
845 893 943 953 parva
955 895 1049 940 manu
1062 878 1170 954 prohi-

186 964 250 1026 beri
271 969 323 1023 aut
343 961 497 1024 deturbari
517 976 630 1038 posse;
649 977 707 1022 nee
729 961 849 1038 quietos
864 961 896 1022 iri
909 961 1066 1024 radicibus
1080 977 1169 1024 mou-

185 1046 260 1108 tium
279 1045 450 1124 gelidorum
470 1047 629 1121 sedentes,
644 1044 741 1122 lrigus
762 1051 814 1106 aut
832 1045 968 1123 inopiam
988 1046 1118 1108 laturos.
1141 1061 1170 1106 aa

186 1147 256 1194 cum
277 1129 487 1207 ipsaaltitudo
503 1133 640 1192 locorum
656 1135 887 1205 aestumetur,
909 1131 1024 1192 rossam
1041 1147 1171 1208 quoque

187 1224 218 1277 et
232 1215 292 1278 alia
312 1215 498 1278 munimenta
517 1213 682 1276 verticibus
698 1215 735 1276 iis
751 1229 832 1290 quos
847 1214 1024 1276 insederant
1039 1215 1170 1276 circum·

186 1301 296 1361 iecere.
327 1299 450 1360 minima
473 1306 640 1376 apparatus
665 1296 825 1361 missilium
849 1299 978 1360 telorum
1003 1313 1078 1360 cura
1105 1298 1169 1372 init,

189 1384 272 1459 quod
293 1399 370 1444 saxn
390 1383 515 1443 adfatim
536 1381 738 1458 praebituram
757 1383 952 1456 asperitatem
967 1383 1068 1458 ipsam
1084 1383 1169 1444 loco·

185 1482 252 1527 rum
266 1466 440 1527 credebant.

269 1547 332 1612 XX.
356 1549 469 1610 Consul
491 1547 637 1624 quianon
654 1548 823 1610 comminus
838 1565 971 1624 pugnam
986 1549 1044 1612 sed
1059 1552 1167 1625 procul

185 1631 261 1694 locis
277 1632 492 1708 oppugnandis
511 1634 642 1692 futurum
657 1641 857 1709 praeceperat
871 1633 988 1708 animo,
1011 1633 1167 1708 ingentem

186 1731 245 1775 mm
260 1715 407 1790 pilorum,
421 1714 592 1777 velitarium
606 1716 775 1790 hastarum,
791 1716 968 1792 sagittarum
981 1715 1167 1794 glandisque
1243 1733 1244 1736 ¹

184 1806 215 1859 et
227 1798 418 1861 modicorum
434 1798 486 1876 qui
501 1800 595 1861 lunda
608 1799 682 1861 mitti
697 1808 826 1875 possent
841 1800 976 1876 lapidum
992 1811 1165 1876 paraverat.

188 1882 413 1961 instructusque
436 1883 596 1946 missilium
617 1890 768 1962 apparatu
786 1884 828 1944 ad
848 1882 1010 1962 Olympum
1031 1891 1165 1944 montem

187 1967 285 2042 ducit,
305 1974 369 2030 eta
390 1967 527 2044 quinque
547 1969 642 2029 leima
661 1965 783 2028 milibus
798 1976 899 2028 casua
913 1968 1002 2029 locat.
1037 1974 1171 2043 postero·
1242 2025 1243 2030 ,

187 2051 235 2114 die
245 2068 314 2114 cnm
326 2052 554 2128 quadringentis
567 2051 719 2129 equitibus
731 2059 762 2112 et
772 2053 873 2112 Attalo
887 2067 1087 2134 progressam
1098 2067 1166 2112 eum

184 2137 224 2196 ad
238 2143 375 2196 naturam
389 2137 500 2197 montis
515 2135 669 2210 situmque
681 2134 864 2196 Gallicorum
879 2143 1050 2198 castrorum
1063 2136 1165 2197 visen-

183 2220 255 2278 dum
270 2219 389 2292 equites
405 2218 552 2290 bostium,
569 2219 683 2294 duplex
697 2233 842 2280 numerus
857 2217 948 2280 effusi
962 2235 980 2280 e
995 2218 1118 2292 castris,
1134 2221 1165 2280 in

183 2302 285 2376 lugam
305 2307 496 2363 averterunt=
520 2301 615 2362 occisi
637 2317 762 2378 quoque
776 2302 867 2378 pauci
882 2302 1078 2378 lugientium,
1101 2307 1165 2365 vul-

183 2386 279 2446 nercli
293 2385 408 2461 plnres.
430 2385 517 2448 tertio
533 2385 583 2446 die
597 2401 666 2446 cum
682 2386 824 2448 omnibus
840 2387 880 2448 ad
891 2388 959 2450 loca
971 2388 1166 2463 exploranda

183 2469 349 2545 proiectus,
366 2471 438 2547 quia
451 2485 541 2531 nemo
556 2469 691 2532 bostium
702 2475 788 2530 exue
802 2470 986 2532 munimenta
1000 2470 1165 2547 processit,

181 2561 247 2618 tuto
257 2552 480 2616 circumvectus
491 2561 632 2627 montem,
641 2553 1026 2616 animadvertitmeridiana
1036 2556 1164 2631 mone

180 2645 322 2700 terrenos
335 2645 366 2698 et
377 2639 497 2714 placide
508 2637 640 2700 acclives
652 2639 691 2698 ad
704 2639 858 2714 quendam
869 2640 962 2699 linem
972 2639 1069 2700 colles
1081 2655 1164 2712 esse,

181 2739 200 2781 a
214 2721 422 2797 septentrione
442 2723 539 2784 ardua
556 2728 700 2784 etractus
715 2737 813 2798 prope
826 2737 937 2799 rupem
960 2729 1054 2798 atque
1066 2724 1162 2786 omni-

182 2805 239 2864 bus
254 2805 349 2865 lerme
364 2805 432 2865 aliis
442 2804 533 2865 inviis
544 2804 651 2866 itinera
662 2805 720 2866 tria
730 2821 810 2878 esse,
826 2823 920 2868 unum
934 2808 1036 2868 medio
1050 2814 1162 2881 monte,
1240 2823 1241 2852 t

180 2903 242 2963 qua
263 2895 384 2948 terrena
403 2896 503 2960 erant,
522 2888 584 2950 duo
605 2889 740 2949 diflicilia
762 2891 801 2950 ab
814 2889 942 2951 hiberno
957 2891 1034 2952 solis
1049 2897 1120 2952 ortu
1135 2898 1162 2950 et

178 2971 218 3031 ab
239 2971 357 3032 aestivo
380 2985 506 3034 occasu.
542 2971 619 3033 haec
640 2974 863 3048 contemplatus
884 2990 922 3034 eo
944 2974 994 3036 die
1009 2975 1069 3036 sub
1083 2973 1161 3051 ipsis

177 3055 332 3118 radicibus
347 3055 453 3132 posuit
469 3061 585 3130 eastra,
607 3066 732 3132 postero
747 3057 798 3118 die
813 3057 966 3118 sacrificio
982 3059 1073 3141 lucto,
1092 3075 1161 3120 cum
1239 3117 1240 3150 ἢ

178 3137 285 3215 primis
300 3140 409 3202 hostiis
420 3141 547 3216 litasset,
563 3141 709 3202 trifariam
720 3141 888 3204 exercitum
900 3141 1032 3204 divisum
1045 3142 1160 3206 ducere

178 3224 217 3284 ad
232 3223 352 3287 hostem
367 3227 475 3303 pergit.
498 3227 566 3301 ipse
581 3241 650 3286 enm
666 3225 797 3286 maxima
810 3234 898 3302 parte
912 3225 1081 3302 copiarum,
1100 3243 1159 3302 qua

176 3307 396 3382 aequissimum
411 3309 526 3370 aditum
540 3309 706 3384 praebebat
719 3325 823 3382 mons,
839 3310 988 3372 ascendit.
1023 3310 1058 3371 L.
1072 3309 1159 3370 Man·

174 3387 248 3462 lbuo
264 3393 385 3452 tratrem
399 3393 438 3454 ab
452 3393 580 3454 hiberno
596 3399 672 3467 ortu,
688 3394 791 3468 quoad
804 3395 874 3454 loca
885 3392 1040 3469 patiantur
1050 3399 1081 3454 et
1092 3400 1158 3456 tuto

175 3471 289 3544 possit,
310 3474 413 3533 subire
433 3475 531 3536 iubet:
554 3476 580 3536 si
602 3493 663 3550 qua
684 3477 859 3551 periculosa
877 3485 908 3538 et
921 3484 1091 3553 praerupta
1104 3493 1155 3538 oe
