2480 3904
208 271 457 334 amnammv.
480 272 563 333 cnr.
579 285 604 334 1.
618 283 645 334 r.
667 275 740 351 [ac
764 277 827 354 aaa]
951 272 1012 340 ιιι

54 433 116 502 post
136 424 351 500 protectionem
375 423 415 483 M.
438 423 561 486 Catonis
585 426 754 501 permultae
778 425 1012 504 rebellaverunt,

55 509 147 570 crebra
159 507 253 584 magis
271 525 363 584 quam
377 508 567 583 dignadictu
580 509 699 584 proelia
712 509 792 584 lecit,
807 515 837 569 et
852 509 930 574 adeo
947 511 1012 587 ple-

53 608 135 668 raque
148 592 284 666 adversa,
299 599 333 654 ut
345 592 398 652 vix
413 591 569 653 dimidium
585 593 710 654 militum
723 609 815 670 quam
827 593 912 668 quod
923 609 1012 656 acce-

54 683 126 752 perat
139 676 309 740 successori
324 676 491 736 tradiderit.
524 692 582 736 neo
597 675 723 739 dubium
736 683 798 750 est,
823 677 896 754 quin
912 680 1011 740 omnis

53 761 182 836 Hispania
196 761 352 822 sublatura
366 759 485 822 animos
501 761 604 832 luerit,
620 761 652 820 ni
666 763 741 823 alter
756 768 880 837 praetor
893 761 924 822 P.
940 763 1012 825 Cor·

53 846 135 906 nelias
150 844 200 905 cn.
213 845 246 905 F.
262 841 366 920 Scipio
386 850 472 905 trans
486 843 606 905 lberam
628 847 722 907 multa
742 847 882 907 secunda
895 849 1013 923 proelia

52 929 172 1003 lecisset,
195 946 254 1004 quo
273 935 390 990 terrore
411 945 471 990 non
491 928 591 990 minus
607 929 828 1006 quinquaginta
842 932 958 1007 oppida
972 933 1013 993 ad

52 1029 108 1073 cnm
119 1013 301 1074 deiecerunt.
335 1017 459 1088 praetor
472 1011 550 1074 haec
564 1020 704 1088 gesserat
718 1012 839 1089 Scipio=
858 1015 939 1076 idem
953 1033 1011 1092 pro

51 1105 175 1172 praetore
192 1097 374 1170 Lusitanos,
400 1103 578 1173 pervastata
596 1097 742 1159 ulteriore
763 1099 922 1172 provincia
943 1116 1012 1161 cum

51 1182 145 1256 ingenti
156 1181 272 1258 praede
284 1181 407 1242 domurn
418 1181 585 1254 redeuntis,
601 1182 632 1242 in
643 1182 712 1258 ipso
722 1181 830 1242 itinere
842 1183 1010 1259 adgressus

51 1265 81 1324 ab
97 1265 167 1328 hora
187 1266 275 1327 tertia
298 1265 358 1325 diei
379 1265 420 1326 ad
441 1272 582 1327 octavam
595 1267 711 1328 incerto
728 1273 840 1329 eventu
853 1267 1009 1342 pugnavit,
1100 1323 1106 1332 .

51 1365 157 1410 numero
176 1350 305 1411 militurn
326 1350 439 1425 impar,
462 1350 605 1427 superior
625 1350 710 1412 aliis:
736 1366 806 1410 narn
827 1357 857 1411 et
871 1352 937 1411 acie
952 1353 1010 1411 ire·

52 1435 136 1508 quenti
157 1435 279 1496 armatis
301 1434 452 1496 adversus
472 1436 597 1510 longum
619 1441 649 1495 et
662 1434 839 1511 impeditum
854 1435 944 1497 turba
957 1451 1011 1511 pe-

50 1532 136 1580 ronam
158 1535 284 1594 agmen,
310 1525 341 1578 et
364 1515 480 1580 recenti
504 1520 597 1579 milite
621 1517 773 1580 adversus
794 1520 898 1580 sessos
916 1520 1009 1594 longo

50 1602 137 1662 itinere
150 1609 356 1664 concurrerat.
378 1603 467 1664 tertia
481 1619 614 1680 namque
626 1603 728 1678 vigilia
738 1603 876 1664 exierant
886 1603 1011 1673 hostes;

50 1684 105 1747 huie
117 1694 262 1749 nocturno
279 1687 378 1747 itineri
392 1693 455 1747 tres
471 1687 599 1748 diurnae
612 1687 707 1748 horae
722 1695 932 1762 accesserant,
953 1702 1011 1748 nec

49 1769 97 1830 nlla
110 1771 205 1846 quiete
225 1773 298 1832 data
312 1770 448 1832 laborem
463 1771 533 1832 viae
548 1770 699 1846 proelium
713 1778 885 1847 exceperat.
907 1772 1011 1847 itaque

50 1855 179 1931 principio
199 1871 324 1933 pugnae
337 1855 452 1932 vigoris
468 1855 584 1930 aliquid
598 1855 628 1914 in
643 1855 825 1929 corporibus
840 1855 1011 1931 animisque

50 1938 98 2013 luit,
111 1947 137 2002 et
149 1941 349 2002 turbaverant
361 1939 458 2018 primo
471 1940 643 2000 Romanos:
666 1937 778 1998 deinde
792 1947 924 2014 aequata
935 1955 1010 2014 pau-

50 2022 125 2096 lsper
137 2041 241 2102 pugna
257 2031 314 2086 est.
336 2025 367 2085 in
382 2024 442 2084 hoc
457 2022 632 2084 discrimine
647 2023 739 2084 ludos
752 2022 827 2096 lovi,
842 2021 869 2083 si
880 2021 1012 2084 fudisset

50 2107 253 2185 cecidissetque
274 2109 389 2182 hastis,
413 2115 594 2184 propraetor
614 2108 706 2168 vovit.
742 2107 865 2168 tandem
880 2105 1007 2181 gradum

51 2192 130 2254 acrius
143 2195 273 2255 intulere
289 2193 420 2255 Romani
436 2193 593 2268 cessitque
605 2192 780 2264 Lusitanus,
797 2190 909 2253 deinde
923 2206 1009 2267 pror-

50 2290 90 2336 sus
107 2285 189 2354 terga
210 2277 305 2338 dedit.
340 2284 370 2337 et
385 2292 453 2337 cum
468 2276 650 2338 institissent
664 2275 851 2352 fugientibus
866 2275 1009 2350 victores,

49 2361 77 2418 ad
95 2361 254 2423 duodecim
274 2361 357 2422 milia
376 2360 510 2422 hostium
532 2367 603 2422 sunt
623 2377 730 2434 caeso,
754 2359 835 2434 capti
856 2359 1010 2434 quingenti

49 2445 245 2522 quadraginta,
262 2460 371 2507 omnes
385 2445 449 2506 iere
464 2446 599 2521 equiles;
622 2451 652 2504 et
666 2444 755 2517 signa
768 2442 906 2503 militaria
921 2450 1011 2516 capta

47 2537 147 2591 centum
157 2529 284 2606 triginta
295 2536 446 2606 quattuor.
469 2530 508 2589 de
519 2528 804 2596 exercituRomano
817 2526 1011 2601 septuaginta

47 2619 69 2671 et
79 2621 134 2676 tres
154 2615 272 2677 amissi.
302 2621 470 2690 pugnatum
491 2612 575 2672 haud
589 2613 697 2688 procul
712 2611 788 2685 Ilipa
802 2608 879 2670 urbe
893 2616 949 2669 est.
971 2623 1010 2669 eo

45 2697 172 2760 rictorem
200 2700 381 2775 opulentum
402 2697 520 2774 praeda
539 2696 707 2756 exercitum
728 2693 760 2752 P.
784 2691 942 2754 Cornelius
962 2707 1010 2752 re-

47 2780 122 2844 duxit.
144 2799 181 2844 ea
196 2783 298 2845 onmis
314 2788 384 2844 ante
398 2781 505 2842 urbem
515 2780 658 2856 exposita
669 2784 725 2854 est,
740 2783 941 2854 potestasque
956 2777 1010 2838 do-

46 2866 118 2928 minis
139 2885 215 2930 suas
236 2883 289 2928 res
310 2865 519 2942 cognoscendi
540 2866 621 2926 laeta
641 2870 697 2926 est.
731 2870 832 2924 cetera
848 2861 1011 2923 vendenda

47 2953 184 3022 quaestori
199 2953 288 3021 datam
311 2951 396 3027 quod
411 2951 482 3011 inde
495 2951 643 3011 reiectum
658 2954 707 3009 est
719 2947 803 3008 militi
819 2947 961 3008 divisum.

112 3036 147 3095 ll.
174 3035 319 3096 Nondum
343 3035 381 3096 ab
401 3029 500 3096 Roma
523 3035 681 3108 profectus
707 3037 773 3094 erat
793 3032 823 3093 c.
845 3031 1009 3093 Flaminius

44 3128 161 3195 praetor,
176 3136 248 3180 eum
262 3119 339 3181 haec
353 3119 384 3179 in
399 3119 547 3194 Hispania
560 3118 752 3194 gerebantur.
784 3117 888 3191 itaque
903 3116 1009 3175 adver·

45 3215 88 3260 sae
102 3219 192 3280 quarn
214 3203 370 3265 secundae
386 3219 438 3264 res
454 3218 510 3278 per
524 3203 626 3278 ipsum
639 3202 818 3276 amicosque
833 3199 900 3259 eius
914 3199 1007 3273 magis

44 3288 225 3360 sermonibus
245 3287 491 3356 celebrabantur;
514 3294 543 3347 et
556 3291 771 3362 temptaverat,
788 3281 932 3360 quoniam
947 3282 1008 3342 bel-

44 3371 92 3430 lum
111 3372 222 3449 ingens
243 3371 272 3432 in
288 3372 446 3448 provincia
467 3371 650 3445 exarsisset,
671 3377 702 3430 et
721 3369 850 3443 exiguas
864 3363 1009 3441 reliquias

43 3457 182 3519 exercitus
199 3457 239 3518 ab
253 3455 324 3518 Sex.
340 3457 450 3533 Digitio
472 3462 564 3531 atque
585 3471 638 3515 eas
659 3455 746 3530 ipsas
761 3453 870 3527 plenas
885 3447 1011 3525 pavoris

43 3554 72 3598 ac
84 3541 172 3616 fugae
188 3548 372 3616 accepturus
388 3546 479 3615 esset,
496 3547 529 3602 ut
545 3539 603 3600 sibi
618 3555 710 3599 unam
726 3553 765 3598 ex
779 3534 905 3596 urbanis
916 3533 1010 3611 legio-

76 3639 100 3684 τ,
112 3641 174 3684 nrvr
190 3640 267 3685 rans
281 3627 333 3686 IV·
773 3629 806 3681 ll
