2506 3898
171 134 233 198 aaa
298 97 588 196 umaaaxxvnr.
612 132 1025 212 C.bl>.1t.1t.[r.ll.c.ao³]

174 303 209 348 se
225 286 379 348 Gallorum
400 285 499 361 copiis
515 285 590 346 iore.
625 279 791 344 Eumenem
805 282 890 343 haud
903 283 933 343 in
949 291 1087 358 tempore
1102 283 1153 344 ab·

173 385 245 432 ease
256 402 300 414 -
309 369 428 431 Romae
442 376 505 428 tum
519 373 637 430 erat-
647 367 775 428 credere
789 368 912 439 consul,
927 381 1056 442 gnarum
1070 369 1153 428 loco-

173 471 241 514 rum
265 453 501 528 hominumque,
526 458 556 512 et
581 450 670 512 ouius
694 451 856 512 interesset
880 451 979 526 frangi
1001 451 1154 512 Callonem
1243 493 1244 500 ,

175 553 263 614 opes.
283 537 417 598 Attalum
430 535 520 612 igitur
530 535 653 596 tratrem
664 535 731 595 eius
743 535 874 596 arcessit
884 549 903 594 a
912 533 1070 610 Pergamo,
1083 535 1154 596 bor·

174 629 316 697 tutusque
327 620 367 682 ad
383 618 610 695 capessendum
621 633 725 679 seeum
736 618 850 680 bellurn
862 617 1058 694 pollicentem
1068 635 1156 680 suam
1243 629 1244 646 ¹

175 719 363 780 suorumque
389 718 516 779 operam
546 702 671 764 domum
696 703 737 763 ad
762 703 1002 780 comparandum
1026 703 1153 766 dimittit

174 803 293 864 paucos
314 792 387 862 post
406 787 474 847 dies
492 787 632 862 proiecto
648 786 687 847 ab
701 785 826 861 Epheso
841 786 962 848 consuli
975 785 1016 846 ad
1029 787 1153 862 Magne·

174 870 251 932 siaru
265 871 397 932 occurrit
405 871 526 931 Attalus
542 885 611 932 oum
625 869 707 930 mille
722 867 886 948 peditibus,
901 868 1055 946 equitibus
1068 871 1155 948 quiu-

173 955 290 1032 gentls,
310 953 471 1016 Athenaeo
494 954 586 1016 tratre
606 951 694 1015 iusso
717 970 787 1016 cum
807 952 916 1016 ceteris
932 955 1032 1030 copiis
1047 955 1153 1016 subse

175 1040 243 1116 qui,
265 1038 478 1100 commendata
491 1038 529 1100 iis
545 1036 686 1100 custodia
698 1037 839 1114 Pergami
853 1054 933 1116 quos
949 1038 1032 1100 naut
1045 1054 1153 1113 regno-

175 1137 236 1199 que
246 1121 328 1184 nuos
340 1121 493 1185 credebat
509 1124 617 1184 consul
629 1121 802 1184 collaudato
813 1123 924 1183 iuvene
936 1121 1155 1184 cumomrnhus

175 1205 275 1283 copiis
290 1205 330 1267 ad
340 1205 539 1266 Maeandrum
553 1222 738 1283 progressus
751 1215 852 1268 castra
862 1206 974 1282 posuit,
990 1206 1064 1282 quia
1075 1205 1155 1268 vado

175 1291 315 1366 superari
336 1291 433 1350 amnis
454 1307 515 1351 non
537 1296 659 1366 poterat
672 1297 703 1352 et
716 1289 945 1352 contrahendae
958 1304 1058 1350 naves
1070 1298 1156 1351 erant

175 1375 215 1434 ad
241 1373 406 1434 exereitum
435 1373 644 1436 traiciendum.
678 1373 864 1449 transgressi
891 1373 1089 1436 Maeandrum
1116 1375 1155 1434 ad

174 1457 287 1518 llieran
313 1456 424 1518 Comen
452 1463 666 1530 pervenerunt.
701 1456 779 1518 lllll.
802 1459 906 1518 lanum
926 1457 968 1518 ibi
991 1466 1156 1533 augustum

174 1539 327 1614 Apollinis
352 1547 383 1600 et
402 1541 574 1600 oraculum:
603 1549 703 1602 sortes
723 1541 866 1602 versibus
886 1539 970 1602 haud
991 1541 1155 1603 inconditis

174 1622 249 1682 dare
273 1630 361 1684 vates
381 1621 531 1683 dicuntur.
562 1621 634 1684 hine
658 1625 762 1686 alteris
788 1623 896 1687 castris
921 1625 962 1686 ad
981 1625 1155 1702 Harpasum

174 1703 288 1766 llumen
303 1711 484 1786 perventum
498 1715 562 1778 est;
585 1724 647 1783 quo
662 1708 752 1784 legati
764 1708 803 1769 ab
814 1707 983 1770 Alabandis
996 1717 1157 1782 venerunt,

174 1793 208 1848 ut
222 1789 306 1866 quod
329 1790 487 1850 castellum
508 1791 547 1852 ab
562 1791 639 1866 ipsis
655 1807 754 1867 nuper
768 1792 935 1868 descisset,
958 1801 1011 1854 aut
1024 1793 1158 1854 auctori-

173 1877 235 1932 tate
253 1880 306 1934 aut
320 1872 412 1934 armis
427 1881 553 1950 cogeret
565 1875 632 1936 iura
646 1875 772 1953 antiqua
785 1878 859 1951 pati.
892 1877 1000 1939 codem
1017 1885 1049 1938 et
1061 1876 1156 1938 Athe

174 1971 271 2018 naeus
296 1956 441 2018 Eumenis
467 1965 498 2018 et
517 1959 610 2020 Attali
635 1960 728 2021 trater
751 1975 821 2021 cum
843 1959 979 2021 Cretensi
1000 1960 1106 2022 Leuso
1129 1967 1159 2022 et

174 2039 308 2116 Corrago
319 2040 489 2102 Macedone
503 2043 599 2104 venit:
621 2043 702 2104 mille
715 2043 833 2119 pedites
845 2043 1007 2104 mixtarum
1020 2043 1159 2120 gentium

174 2129 205 2181 et
223 2129 379 2184 trecentos
400 2124 518 2200 equites
540 2142 646 2187 secum
667 2127 871 2190 adduxerunt.
910 2130 1019 2190 eonsrrl
1033 2129 1160 2190 tribuno

171 2203 299 2266 militurn
320 2205 415 2266 misso
437 2223 506 2267 curn
523 2209 645 2270 modica
658 2226 751 2272 manu
765 2213 924 2274 castellum
936 2212 969 2274 vi
983 2213 1081 2289 cepit,
1108 2229 1161 2273 ca·

172 2291 258 2360 ptum
271 2287 541 2352 Alabandensibus
554 2291 664 2354 reddit.
692 2294 762 2370 ipse
776 2295 850 2357 nihil
863 2296 916 2358 via
930 2297 1103 2374 degressus
1120 2295 1159 2356 ad

173 2367 364 2432 Antiochiam
379 2389 474 2450 super
486 2374 664 2438 Meandrum
679 2393 799 2440 amnem
813 2379 918 2456 posuit
932 2390 1042 2443 castra.
1065 2382 1150 2442 huiu'

173 2452 272 2516 amnis
299 2456 401 2518 fontes
430 2457 568 2521 Celaenis
597 2461 744 2523 oriuntur.
780 2462 930 2526 Celaenae
958 2465 1033 2528 urbs
1064 2465 1145 2540 capt

173 2538 329 2632 quondam
339 2539 492 2621 Phrygiae
506 2543 574 2605 ituit:
596 2546 755 2620 migratum
769 2545 842 2608 inde
853 2547 938 2609 haud
951 2551 1060 2624 procul
1073 2555 1142 2608 vet·

172 2619 258 2683 ribus
274 2621 429 2700 Celaenis,
450 2641 614 2704 novaeque
633 2629 702 2690 urbi
714 2631 873 2708 Apameae
893 2647 1005 2692 nomen
1027 2633 1141 2692 indiam

172 2703 211 2762 ab
226 2706 347 2781 Apama
361 2724 469 2770 sorore
484 2709 604 2772 Seleuci
618 2713 711 2788 regis.
747 2721 778 2776 et
789 2713 933 2794 Marsyas
949 2717 1058 2791 amnis,
1073 2705 1140 2775 hild

172 2789 280 2858 procul
296 2805 314 2848 a
327 2788 485 2853 Maeandri
509 2793 643 2856 lontibus
664 2797 783 2872 oriens,
804 2799 835 2859 in
848 2798 1051 2860 Maeandrum
1066 2787 1138 2861 adit

172 2869 315 2945 famaque
334 2870 377 2932 ito
396 2881 492 2948 tenet,
513 2875 651 2939 Celaenis
665 2878 812 2960 Marsyan
827 2899 896 2944 curn
909 2868 1136 2960 Apollinetbita·

171 2967 239 3012 rurn
260 2961 348 3017 cantu
366 2963 512 3018 certasse.
541 2959 708 3024 Maeander
723 2979 763 3024 ex
782 2981 856 3027 arce
875 2983 995 3029 summa
1009 2967 1135 3027 caena-

170 3051 237 3096 rum
265 3043 366 3114 ortus,
391 3041 492 3103 media
511 3043 589 3106 urbe
607 3045 790 3124 decurrens,
820 3065 876 3126 per
896 3049 990 3111 Caras
1014 3033 1132 3126 limum,

172 3117 283 3214 deinde
296 3121 389 3184 lonas
409 3123 439 3186 in
461 3126 562 3190 sinum
576 3131 669 3192 maris
683 3131 797 3208 editur,
820 3133 872 3209 qui
886 3134 966 3196 inter
978 3133 1086 3194 penen
1101 3130 1133 3182 et

170 3198 304 3265 Miletum
327 3213 383 3270 est.
416 3210 455 3272 ad
469 3211 661 3274 Antiochiam
676 3214 707 3275 in
728 3223 829 3278 castra
850 3203 1130 3278 constitiste'eucus

169 3285 314 3350 Antiochi
329 3291 420 3366 iilius,
437 3310 476 3354 ex
492 3295 617 3358 loedere
631 3297 692 3360 icto
708 3314 778 3360 curn
793 3297 949 3378 Scipione,
964 3317 978 3364 a
993 3284 1127 3348 frumen·

170 3371 233 3426 tum
251 3375 398 3436 exercitui
420 3377 554 3440 dandum
569 3380 661 3443 venit.
695 3399 792 3460 parva
806 3383 966 3461 disceptat
978 3366 1018 3427 (¹0
1031 3371 1125 3432 Ᾱῑῑθῑῑ
