2482 3902
161 157 407 218 alerannum.
424 157 506 218 cnr.
519 165 613 220 mm
629 162 955 242 [suaseramus]
981 160 1045 225 rte

82 311 149 370 Nero
167 308 199 368 P.
214 308 337 370 Porcius
356 307 458 368 Laeca
479 307 510 370 C.
526 306 684 368 Fabricius
708 308 855 370 Luscinus
878 309 909 370 0.
926 311 1044 374 Atinius

81 393 169 454 Labeo
183 391 212 452 P.
226 392 365 452 Manlius.
754 457 756 461 .
993 461 1001 482 Ι

150 477 193 536 Eo
210 493 289 538 anne
305 476 426 538 aediles
448 478 586 549 cunulae,
606 477 647 537 Μ.
661 475 788 538 Fulvius
809 477 946 538 Nobilior
965 486 996 538 et
1010 477 1042 541 c.

79 561 233 634 Flaminius,
253 559 342 621 tritici
358 560 485 620 deciens
501 567 622 622 centum
636 560 719 622 milia
733 561 813 623 binis
827 562 908 622 aeris
924 565 1042 638 populo

79 645 292 720 discripserunt.
315 643 348 703 id
363 643 394 704 C.
409 643 548 704 Flaminii
563 643 690 707 honeris
706 661 801 706 causa
814 646 914 721 ipsius
929 649 1042 722 patris·

81 744 130 804 que
149 729 332 788 advexerant
352 725 448 788 Siculi
468 729 613 800 Romam;
635 728 801 791 Flaminius
822 729 951 804 gratiam
973 730 1041 814 eius

79 812 337 874 communicaverat
357 828 428 872 cum
448 815 576 890 collega.
612 813 676 876 ludi
697 815 828 878 Romani
849 822 880 874 et
901 816 1042 891 apparati

79 895 220 971 magnifice
240 903 313 958 sunt
333 903 364 958 et
377 903 424 957 ter
442 897 498 958 toti
516 898 684 959 instaurati.
717 899 833 958 aediles
849 898 965 974 plebis,
988 899 1041 960 Cn.

78 981 210 1042 llomitius
233 980 460 1042 Ahenobarbus
486 988 517 1041 et
537 981 569 1042 C.
590 979 771 1043 Scribonius
798 981 904 1054 Curio,
929 984 1042 1046 multos

79 1065 221 1140 pecuarios
245 1065 286 1126 ad
308 1065 418 1141 populi
442 1065 588 1126 iudicium
611 1066 821 1126 adduxerunt=
849 1072 911 1125 tres
933 1083 972 1126 ex
992 1067 1041 1128 his

79 1149 251 1210 condemnati
265 1157 355 1220 sunt;
384 1165 424 1209 ex
440 1165 546 1210 eorum
561 1149 726 1210 multaticia
740 1149 874 1226 pecunia
886 1151 996 1210 aedem
1010 1152 1042 1210 in

79 1231 162 1293 insula
173 1233 267 1294 Fauni
282 1235 430 1296 lecerunt
458 1233 523 1294 ludi
537 1234 649 1308 plebeii
663 1250 719 1310 per
732 1233 859 1295 biduum
873 1233 1041 1310 instaurati,

78 1325 102 1377 et
111 1318 221 1394 epulum
236 1318 293 1379 luit
307 1319 449 1378 ludorum
463 1333 568 1380 eausa.

145 1402 241 1464 XLlll.
269 1403 305 1462 L.
319 1401 463 1463 Valerius
480 1401 610 1464 Flaccus
631 1411 662 1462 et
674 1403 714 1463 Μ.
729 1401 857 1464 Porcius
873 1402 946 1462 Cato
968 1417 1040 1462 con·

78 1485 146 1545 eules
155 1486 252 1548 idibus
263 1486 391 1560 Martiis,
408 1503 470 1562 que
483 1487 533 1546 die
543 1487 751 1562 magistratum
763 1488 903 1560 inierunt,
919 1487 959 1546 de
969 1502 1041 1562 pro·

78 1569 167 1631 unciis
187 1588 254 1632 cunr
276 1571 319 1630 ad
339 1578 479 1631 senatum
499 1571 700 1646 rettulissent,
723 1578 827 1648 patres
843 1579 1040 1646 censuerunt,

80 1668 133 1714 rum
146 1655 174 1715 in
182 1655 334 1732 Hispania
347 1661 463 1716 tantum
477 1655 620 1729 glisceret
629 1656 751 1732 bellum,
767 1662 801 1716 ut
813 1655 873 1716 iam
886 1655 1041 1716 consulari

77 1739 180 1800 etdoce
199 1749 228 1801 et
247 1739 388 1800 exercitu
408 1755 489 1815 opus
510 1752 608 1814 esset,
630 1741 753 1815 plaeere
768 1740 914 1822 eonsules
927 1739 1038 1814 Hispa·

78 1821 141 1880 niam
161 1825 332 1887 citeriorem
345 1823 524 1899 Italiamque
543 1822 720 1898 provincias
735 1831 787 1884 aut
801 1838 981 1898 comparare
995 1823 1041 1882 in-

78 1912 113 1964 ter
124 1923 156 1967 se
168 1916 218 1969 aut
231 1908 353 1978 sortiri;
376 1909 435 1968 utri
448 1907 600 1982 Hispania
613 1907 773 1982 provincia
788 1907 951 1980 evenisset,
968 1923 1039 1966 eum
1113 1933 1117 1939 ·

77 1988 139 2050 does
158 1993 295 2068 legiones
317 2003 348 2053 et
362 1992 537 2068 quindecim
557 1991 639 2052 milia
659 1991 779 2053 socium
791 1991 889 2052 Latini
908 1991 1039 2050 nominis

78 2081 100 2134 et
115 2076 300 2151 ocdngentes
326 2077 445 2152 equites
471 2090 577 2138 secum
602 2083 740 2152 portare,
762 2083 793 2136 et
812 2089 909 2134 naves
930 2076 1040 2149 longas

79 2157 162 2231 uiginti
181 2161 306 2222 ducere.
338 2161 415 2222 alter
435 2161 543 2221 consul
565 2161 643 2224 duos
662 2160 810 2222 scriberet
823 2157 978 2234 legionem
1001 2158 1039 2218 iis

77 2238 182 2304 Galliam
206 2243 338 2306 obtineri
364 2245 553 2320 provinciam
578 2243 654 2306 satis
680 2260 751 2305 esse
771 2243 874 2304 fractis
897 2243 1038 2318 proximo

76 2336 139 2388 enno
152 2328 313 2390 Insubrum
324 2329 533 2405 Boiorumque
547 2330 666 2389 animis.
690 2328 761 2390 Cato
772 2327 961 2403 Hispanimn,
975 2327 1039 2385 Va·

75 2408 151 2472 lerius
170 2414 288 2474 ltaliam
308 2421 357 2474 est
376 2413 512 2474 sortitus.
547 2421 707 2488 praetores
729 2411 842 2471 deinde
863 2409 1039 2484 provincias

75 2496 169 2571 sumiti,
187 2498 218 2558 C.
232 2497 392 2558 Fabricius
406 2497 560 2558 Luscinus
574 2497 737 2568 urbanam,
754 2495 784 2556 C.
799 2493 921 2554 Atinius
934 2491 1039 2551 Labeo

75 2583 264 2657 leregrinam,
290 2582 342 2643 Cn.
363 2581 494 2644 Manlius
515 2581 613 2640 Vulso
635 2578 785 2653 Siciliam,
810 2579 871 2650 Ap.
896 2575 1039 2634 Claudius

73 2658 138 2724 llere
151 2665 331 2742 Hispaniam
345 2667 528 2737 ulteriorem,
542 2662 713 2724 P.Porcius
728 2661 828 2722 Laeca
840 2657 937 2732 Pisae,
953 2665 987 2718 ut
1000 2657 1039 2718 ab

74 2750 146 2821 tergo
155 2750 319 2826 Liguribus
334 2758 434 2820 essem
449 2750 481 2808 P.
492 2748 622 2808 Manlius
636 2747 667 2807 in
677 2745 857 2822 Hispaniam
869 2742 1041 2804 citeriorem

73 2829 178 2894 adiutor
198 2833 320 2896 consuli
334 2835 434 2898 datus.
466 2835 499 2894 Τ.
515 2832 670 2907 Quinctio,
691 2828 846 2906 suspectis
861 2843 924 2889 nen
938 2828 1040 2888 selum

73 2914 210 2980 Antiocho.
223 2926 254 2980 et
264 2920 392 2994 Aetolis,
408 2918 465 2978 sed
479 2917 539 2978 iam
548 2917 643 2978 etiam
654 2915 771 2976 Nabide
781 2912 1039 2974 Lacedaemonio—

72 3010 127 3058 rum
146 3009 291 3081 tyranno,
314 3009 511 3079 prorogatum
529 3003 560 3060 in
575 3016 688 3062 annum
701 2998 863 3076 imperium
877 3003 939 3072 est,
961 2997 1040 3058 duas

70 3079 194 3156 legiones
204 3095 238 3149 ut
248 3087 384 3150 liaberet
405 3087 436 3146 in
447 3101 501 3146 eas
513 3085 540 3146 si
553 3085 626 3160 quid
637 3082 842 3160 supplementi
854 3098 935 3157 opus
947 3087 1040 3156 esset,

74 3171 203 3231 consules
229 3170 365 3233 scribere
389 3177 421 3231 et
440 3171 557 3231 mittere
577 3169 607 3230 in
629 3167 842 3228 Macedoniam
862 3164 948 3224 iussi.
979 3165 1040 3236 Ap.

71 3247 184 3314 Claudio
200 3263 322 3330 praeter
335 3255 497 3330 legionem,
520 3269 613 3330 quam
627 3251 662 3327 Q.
675 3251 789 3312 Fabius
803 3248 961 3316 habuerat,
978 3245 1040 3304 duo

73 3332 143 3395 milio
155 3339 292 3412 peditum
305 3347 336 3401 et
349 3339 498 3404 ducentos
513 3337 632 3413 equites
647 3351 747 3397 novos
761 3341 795 3394 ιιι
809 3331 957 3392 scriberet
971 3342 1040 3404 per·

71 3415 194 3482 missum.
228 3439 283 3500 par
303 3439 447 3486 nrunerus
472 3421 609 3498 peditum
629 3419 827 3496 equitumque
846 3429 997 3475 novorum
1011 3418 1043 3474 et
