2506 3898
210 223 280 291 ³14
378 221 494 286 nmen
507 221 645 284 xrrxvn
676 223 757 284 cnr.
771 229 816 286 sn.
838 229 957 298 [eae
972 229 1035 299 sea]

212 383 310 441 essct
336 376 396 440 hcc
411 383 537 438 senatos
553 374 727 436 consultum
746 375 926 452 litteraeque
941 375 1028 453 aSp.
1043 375 1181 440 Postremo

216 471 361 542 praetore
371 461 403 521 in
414 459 565 520 Etruriam
575 457 691 520 misaac
702 467 790 530 sunt;
811 461 1034 537 proiectusque
1048 461 1078 520 in
1088 462 1182 537 lllspa-

216 549 299 609 niam
318 541 539 608 calidonius
561 549 752 620 propraetor.
784 544 814 604 in
842 560 905 620 qua
929 545 1089 620 provincia
1111 547 1182 622 prius

210 634 371 708 eliquanto
398 643 491 704 quam
515 641 684 690 successor
702 627 833 701 veniret,
858 627 893 688 L.
908 629 1058 690 Aemihus
1079 629 1183 705 Paulus,

211 715 271 796 qui
285 722 396 792 postea
408 727 515 787 regern
527 711 641 773 Persea
654 726 766 788 magna
778 712 878 787 gloria
896 712 984 787 vicit,
1005 729 1077 775 cum
1096 713 1184 790 pn'ore

211 817 297 863 anno
318 798 400 860 haud
413 811 573 874 prospere
586 811 651 857 rom
664 796 831 871 gessisset,
852 798 1050 859 tumulmario
1065 799 1185 859 exercitu

213 886 362 958 collecto,
382 881 480 957 signis
503 881 623 942 collatis
638 895 707 942 cum
721 880 876 944 Lusitanis
891 882 1057 960 pagoaria
1078 883 1135 942 iusi
1148 885 1185 942 lu-

214 966 478 1046 reliquendum,
502 979 595 1027 caesa
609 966 717 1026 decem
732 973 803 1028 coto
818 963 901 1028 milia
913 973 1114 1036 armatomme
1134 968 1183 1028 dno

215 1053 298 1114 milia
312 1051 440 1112 decenti
456 1051 552 1127 capti,
573 1057 604 1112 ct
617 1056 719 1111 casua
733 1057 919 1126 expugnata.
946 1049 1041 1113 huius
1056 1051 1185 1111 victoriae

214 1140 297 1200 lama
310 1136 538 1212 tranquilliores
551 1134 582 1194 in
595 1134 745 1210 Hispania
757 1149 808 1195 res
823 1135 904 1197 iecit

298 1221 417 1282 Eodem
430 1237 511 1280 anno
527 1219 692 1280 antediem
707 1220 828 1280 tertium
842 1218 910 1280 Kal.
926 1217 1086 1280 Ianuarias
1099 1220 1185 1280 Bono·

215 1308 296 1368 niam
310 1305 447 1366 Latinam
469 1302 620 1366 coloniam
640 1317 681 1364 ex
703 1311 828 1366 senatus
852 1307 993 1366 consulto
1007 1305 1043 1364 L.
1058 1304 1184 1364 Valerius

214 1393 345 1453 Flaccus
360 1389 400 1448 Μ.
414 1389 526 1450 Atilius
541 1387 694 1449 Serranus
713 1387 746 1447 L.
762 1388 905 1449 Valerius
919 1389 1030 1465 Tappo
1054 1387 1184 1450 triumnri

215 1476 418 1536 deduxerunt.
450 1473 509 1533 tria
522 1471 605 1532 milia
619 1471 776 1534 hominum
790 1480 862 1534 sunt
875 1473 1025 1534 deducta:
1048 1472 1184 1548 equitibus

216 1567 407 1636 septuagena
417 1555 533 1632 iugera,
549 1555 660 1618 ceteris
675 1557 794 1618 colonis
807 1556 1026 1633 quinquagena
1037 1557 1182 1618 suntdala

213 1659 290 1719 ager
310 1649 418 1719 captus
441 1643 480 1701 de
501 1639 594 1702 Gallis
614 1640 699 1702 Boiis
720 1643 834 1711 lhemtr
865 1641 942 1702 Galli
960 1641 1083 1703 'luscos
1104 1655 1184 1714 expu-

212 1729 321 1789 lerant.

298 1811 416 1872 Eodem
437 1827 517 1872 anno
539 1825 701 1872 censuram
720 1809 806 1872 multi
826 1817 857 1872 et
871 1811 946 1872 clari
961 1809 1021 1872 vin·
1041 1809 1183 1888 petiemnt
1229 1805 1230 1814 ’

213 1912 362 1974 quaeres
377 1903 533 1974 tamquam
547 1894 578 1956 in
593 1911 629 1958 se
644 1911 751 1972 parum
764 1895 868 1971 magni
883 1894 1061 1956 certaminis
1076 1908 1181 1955 causan

218 1977 356 2054 haberet,
384 1982 474 2044 aliam
500 1981 725 2042 contentionem
751 1981 845 2042 multo
871 1979 1018 2042 maiorem
1046 1975 1181 2040 excitavit

217 2067 361 2143 petebant
372 2066 405 2126 T.
421 2064 577 2141 Quinctius
590 2063 778 2125 Flamininus
791 2063 823 2123 P.
840 2064 998 2125 cornelius
1014 2064 1071 2125 cn.
1086 2063 1118 2123 F.
1133 2059 1183 2120 Sci-

214 2152 266 2224 pio
281 2151 469 2211 hildierius
480 2149 610 2209 Flaccus
623 2149 664 2208 Μ.
679 2148 806 2210 Porcius
823 2149 896 2210 Galo
907 2149 948 2212 Μ.
961 2149 1109 2210 claudius
1120 2145 1183 2204 Μειτἆ
1228 2137 1229 2172 l

212 2235 312 2294 collus
326 2233 376 2292 Μ’.
391 2231 509 2292 Acilius
527 2231 665 2308 Glabrio,
683 2233 735 2308 qui
748 2233 933 2294 Antiochum
952 2233 993 2294 ad
1007 2233 1183 2304 Thermopy·

216 2321 261 2378 las
277 2319 469 2392 Aetolosque
487 2315 651 2378 devicerat.
684 2317 714 2377 in
729 2316 811 2378 hunc
824 2317 973 2391 maxime,
1001 2318 1089 2393 quod
1107 2314 1184 2374 mula

216 2401 372 2478 congiaria
382 2400 659 2476 habueratquiuus
671 2417 812 2477 magnam
826 2410 944 2477 partem
955 2401 1112 2464 hominum
1123 2395 1183 2458 ohli-

213 2493 309 2562 garat,
326 2487 414 2547 levor
424 2484 532 2562 populi
544 2500 578 2545 se
592 2485 766 2546 inclinabat.
787 2486 818 2546 id
834 2501 903 2546 oum
918 2501 1010 2562 aegre
1025 2487 1184 2562 paterentur
1227 2509 1228 2537 t

213 2577 260 2633 tot
270 2569 401 2646 nobiles,
415 2587 528 2630 novum
541 2570 599 2630 sibi
610 2569 764 2630 hominem
774 2576 891 2632 tanturn
901 2571 1061 2647 praesenti,
1072 2569 1103 2628 P.
1113 2565 1182 2627 Sem·

216 2656 344 2731 pronius
360 2654 518 2716 Gracchus
535 2661 566 2716 et
579 2654 610 2714 G.
617 2653 826 2730 sempronius
836 2655 956 2716 Rutilus
970 2653 1085 2716 tribuni
1098 2649 1183 2727 plebis

213 2741 243 2798 ei
259 2739 340 2800 diem
356 2738 511 2812 dixerunt,
532 2739 616 2813 quod
636 2739 787 2814 pecuniae
805 2739 910 2814 regiae
931 2739 1127 2814 praedaeque
1139 2730 1182 2792 ali-

213 2829 362 2898 quantum
378 2829 487 2896 captae
509 2823 540 2880 in
554 2821 699 2882 Antiochi
724 2823 833 2884 castris
858 2839 961 2899 neque
988 2825 1018 2884 in
1043 2816 1181 2892 triumpho
1226 2819 1227 2843 l

213 2906 349 2979 tulisset,
369 2919 470 2980 neque
489 2902 520 2963 in
539 2904 689 2964 aerarium
711 2907 888 2968 rettulisset.
919 2907 1005 2968 varia
1025 2900 1181 2967 testimonla

213 2991 385 3065 legatorum
409 2986 664 3066 tribunorumque
687 2988 814 3052 militurn
839 2999 935 3054 erant.
964 2991 1006 3052 Μ.
1020 2990 1101 3052 -Gato
1125 2991 1181 3046 ante

212 3074 295 3136 alios
316 3073 404 3136 testis
420 3070 683 3149 conspiciebatur;
705 3075 793 3137 ouius
817 3077 1025 3138 auctoritatem
1047 3076 1180 3152 perpetuo
1225 3075 1226 3149 q

212 3167 322 3221 tenore
337 3156 420 3219 vitae
435 3163 553 3233 partam
567 3165 640 3234 toga
651 3159 781 3220 candida
793 3162 942 3220 elevabat.
956 3159 992 3220 -is
1003 3158 1099 3232 testis,
1115 3163 1180 3230 quet

213 3259 292 3305 vasa
307 3257 401 3303 aurea
415 3247 508 3318 atque
522 3249 667 3317 argentea
682 3245 780 3319 captis
795 3245 904 3304 castris
916 3244 994 3303 inter
1004 3244 1092 3303 aliem
1106 3249 1179 3315 prac-

213 3328 286 3386 dam
299 3327 416 3402 regiam
429 3325 574 3399 tddisset,
596 3341 633 3386 ea
654 3343 690 3387 se
710 3327 740 3386 in
755 3327 909 3404 triumpho
923 3327 1055 3403 negabat
1067 3323 1177 3384 nurse·
1224 3353 1225 3386 t

215 3418 372 3482 postremo
387 3411 417 3470 in
432 3410 523 3472 huius
538 3410 668 3470 maxime
682 3411 828 3472 invidiam
843 3411 994 3472 desistere
1005 3425 1040 3472 se
1051 3406 1179 3487 petitione
1224 3395 1225 3455 l

212 3490 338 3551 Glabrio
353 3490 444 3566 dixit,
467 3493 606 3572 quando,
629 3494 714 3568 quod
734 3495 815 3556 taciti
832 3495 1062 3571 indignarentur
1075 3488 1177 3554 nobiles
