2480 3904
230 209 345 269 LIBER
358 209 492 271 XXXVI.
513 211 595 272 CAP.
611 219 653 274 1³.
669 219 712 274 14.
734 219 771 286 [a.
787 218 818 271 c.
832 219 894 286 191]
989 214 1054 277 233

74 360 249 436 claudium,
270 366 304 421 ul
318 359 479 422 obsidione
493 361 629 422 Larisam
644 362 804 438 eximeret,
820 363 850 422 in
863 363 1052 425 Thessaliam

73 447 237 519 misissent,
254 443 326 520 quia
339 444 370 504 id
383 451 503 522 tempus
514 447 607 507 rebus
619 447 762 522 gerendis
774 447 965 510 immaturum
977 457 1052 525 erat,

72 529 102 589 in
117 528 247 590 hiberna
264 529 415 604 regressi,
437 529 590 606 principio
611 530 692 591 veris
714 531 885 593 coniunctis
906 533 1005 608 copiis
1020 535 1052 594 in

71 613 260 675 Thessaliam
281 613 516 674 descenderunt.
552 614 582 674 in
602 615 778 676 Acarnania
798 623 860 677 tum
878 616 1053 680 Antiochus

71 703 145 759 erat.
174 697 373 758 advenientes
387 696 544 774 Philippus
559 699 720 760 Malloeam
734 699 952 774 Perrhaebiae,
972 701 1050 764 Bae·

70 782 139 842 bius
159 781 304 842 Phacium
328 788 377 842 est
397 781 581 858 adgressum
614 799 675 858 quo
696 784 795 858 primo
817 801 916 861 prope
935 785 1052 862 impetu

69 873 162 944 capto
172 864 335 928 Phaestum
350 866 457 926 eadem
469 868 622 928 celeritate
633 867 724 942 capit.
745 867 817 928 indc
827 869 971 930 Atracem
982 887 1054 932 cum:

69 965 104 1010 se
125 948 312 1025 recepisset,
334 949 472 1028 Cyretias
493 951 565 1012 hinc
580 959 610 1012 et
622 950 747 1012 Eritium
764 961 911 1027 occupat;
933 956 1049 1029 praesi-

69 1034 264 1110 diisque-per
274 1042 403 1109 receptu
418 1033 534 1109 oppida
549 1036 708 1111 dispositis
720 1035 861 1110 Philippo
876 1053 983 1098 rursus
996 1039 1056 1098 ob·

68 1118 181 1179 sidenti
191 1117 353 1178 Malloeam
367 1133 403 1178 se
418 1119 581 1195 coniungit.
603 1117 661 1180 sub
677 1120 812 1180 adventu
821 1120 952 1181 Romani
964 1137 1050 1182 exer·

68 1200 159 1276 citus,
177 1217 234 1262 seu
248 1203 289 1262 ad
302 1209 414 1263 metum
430 1201 538 1264 virium
555 1218 612 1264 seu
627 1203 666 1263 ad
681 1219 767 1279 spem
781 1203 900 1277 veniae,
917 1220 985 1264 curn
998 1206 1047 1264 de·

68 1285 223 1346 didissent
236 1301 324 1362 sese,
339 1287 379 1346 ad
394 1301 431 1346 ea
444 1287 622 1362 recipienda
638 1287 755 1364 oppida
771 1302 849 1362 quae
862 1287 1050 1348 Athamanes

68 1377 297 1445 occupaverant
311 1387 372 1431 uno
388 1369 508 1446 agntine
523 1372 630 1433 ierunt.
659 1378 746 1432 erant
759 1379 859 1431 autern
876 1369 969 1432 haec:
988 1373 1049 1432 Ae·

66 1453 183 1530 ginium
202 1453 368 1516 Ericinium
389 1454 519 1531 Gomphi
540 1455 643 1516 Silana
656 1457 763 1516 Tricca
776 1455 929 1516 Meliboea
941 1455 1048 1516 Phalo-

66 1539 122 1598 ria.
146 1538 220 1598 indo
232 1537 434 1613 Pellinaeum,
451 1539 501 1600 ubi
516 1540 674 1616 Philippus
688 1539 963 1616 Megalopolitanus
980 1555 1051 1600 cunt

67 1621 243 1698 quingentis
258 1622 411 1698 peditibus
426 1627 457 1684 et
470 1625 621 1700 equitibus
635 1623 837 1701 quadraginta
850 1623 880 1684 in
893 1623 1052 1699 praesidio

66 1712 142 1780 erat,
159 1706 385 1782 circumsidunt,
401 1711 431 1766 et
445 1708 626 1784 priusquam
640 1715 863 1784 oppugnarent,
878 1709 997 1770 mittunt
1010 1709 1050 1768 od

65 1789 244 1865 Philippum
258 1791 310 1866 qui
325 1797 499 1865 monerent,
521 1807 561 1851 nc
575 1791 637 1852 vim
651 1791 785 1854 tddmam
800 1791 934 1867 experiri
947 1791 1051 1856 vellet.

67 1872 182 1948 quibus
195 1873 246 1934 ille
261 1873 336 1936 satis
352 1873 495 1935 ferociter
508 1875 669 1950 respondit
679 1877 727 1935 vel
738 1875 883 1936 Romanis
895 1877 945 1934 vel
955 1874 1050 1934 'ihes-

66 1955 143 2018 salis
160 1971 196 2018 se
211 1958 395 2020 crediturum
410 1956 517 2033 luisse,
534 1959 564 2018 in
576 1958 705 2035 Philippi
719 1975 755 2019 se
769 1964 950 2034 potestatem
968 1973 1048 2017 com-

66 2041 234 2102 missurum
248 2058 310 2102 non
322 2057 403 2102 esse.
428 2047 593 2118 postquam
604 2043 748 2118 apparuit
758 2043 789 2103 vi
799 2040 962 2117 agendum,
978 2040 1053 2116 quia

65 2123 231 2186 videbatur
245 2132 277 2187 et
285 2125 463 2186 Limnaeum
478 2127 588 2188 eodem
602 2133 741 2202 tempore
756 2125 930 2203 oppugnari
944 2140 1053 2200 posse,

64 2223 173 2284 regem
188 2208 229 2270 ad
241 2209 419 2271 Limnaeum
433 2209 478 2270 ire
491 2209 619 2286 placuit,
635 2210 769 2272 Baebius
785 2209 895 2271 restitit
908 2210 948 2269 ad
961 2207 1049 2268 Pelli-

65 2309 179 2354 naeum
195 2294 446 2369 oppugnandum.

151 2377 231 2436 XIV.
250 2377 309 2438 Per
320 2393 375 2439 eos
388 2378 465 2438 torte
478 2379 544 2438 dies
555 2379 605 2438 M’.
613 2379 729 2440 Acilius
744 2379 853 2438 consrd
865 2393 934 2438 curn
945 2378 1051 2452 viginti

64 2460 188 2520 milibus
202 2461 347 2537 peditum,
363 2460 485 2522 duobus
500 2462 622 2522 milibus
637 2462 782 2537 equitum,
800 2460 975 2536 quindecim
989 2461 1049 2520 ele-

63 2543 190 2618 phantis
214 2545 291 2604 mari
315 2545 440 2606 traiecto
466 2545 619 2621 pedestris
645 2544 751 2620 copias
773 2543 911 2603 Larisam
937 2543 1054 2602 ducere

63 2627 207 2689 tribunos
228 2628 353 2690 militum
373 2627 477 2704 iussit,
498 2629 567 2704 ipse
585 2645 654 2689 cum
669 2627 805 2702 equitatu
818 2627 995 2686 Limnaeum
1011 2627 1050 2685 ad

62 2709 240 2788 Philippum
251 2713 342 2774 venit.
360 2713 494 2774 adventu
506 2713 642 2773 consulis
655 2710 768 2772 deditio
782 2711 848 2772 sine
858 2709 1055 2771 cunctatione

63 2801 114 2855 est
123 2797 214 2870 iacta,
229 2797 434 2873 traditumque
445 2796 633 2874 praesidium
643 2796 769 2871 regium,
786 2801 817 2856 et
828 2811 897 2856 cum
907 2794 945 2855 iis
956 2793 1050 2854 Atha-

64 2894 185 2940 manes.
214 2879 253 2940 ab
267 2880 412 2942 Limnaeo
426 2879 612 2942 Pellinaeum
634 2879 742 2942 consul
763 2879 977 2954 proficiscitur.
1008 2878 1050 2938 ibi

63 2963 156 3036 primi
175 2963 365 3026 Athamanes
387 2965 577 3026 tradiderunt
597 2980 683 3040 sese,
710 2964 821 3024 deinde
841 2969 872 3024 et
891 2962 1055 3038 Philippus·

61 3046 360 3123 Megalopolitanusa
377 3049 425 3110 oui
433 3050 593 3111 decedenti
604 3047 760 3124 praesidio
774 3065 843 3108 cum
851 3048 960 3110 obvius
972 3047 1055 3106 lorte

63 3131 175 3191 luisset
184 3131 345 3208 Philippus
359 3149 423 3208 rer,
439 3134 478 3194 ad
493 3131 656 3194 ludibrium
669 3148 773 3206 regern
784 3148 854 3192 eum
865 3130 1055 3192 consalutari·

62 3215 169 3290 iussit,
192 3215 262 3290 ipse
283 3231 472 3292 congressus
494 3218 617 3276 tratrem
638 3215 720 3276 haud
737 3215 942 3276 sanedecoro
958 3213 1042 3272 maie·

64 3297 137 3357 stati
160 3314 238 3360 suae
262 3299 332 3362 ioco
353 3301 527 3376 appellavit
564 3301 716 3362 deductus
739 3299 811 3358 inde
831 3297 871 3358 ad
892 3297 1053 3358 consulent

62 3382 215 3444 custodiri
229 3383 344 3458 iussus,
358 3392 388 3446 et
401 3384 484 3445 haud
495 3385 537 3444 ita
547 3386 640 3446 multo
652 3389 725 3460 post
738 3383 769 3442 in
779 3381 911 3442 vinculis
922 3379 1054 3441 Romam

61 3464 191 3528 missus.
207 3475 310 3530 cetera
320 3469 479 3530 mullitudo
493 3467 697 3530 Athamanum
705 3473 760 3527 'aut
771 3465 898 3527 militum
908 3461 1054 3527 Antiochi
