2482 3902
197 194 260 260 138
314 191 430 254 Lllllllt
444 190 579 250 xxxlv.
602 187 684 248 cAP.
702 193 855 250 ll.1s.16.
877 190 960 259 [uu
976 205 1000 243 ο.
1016 188 1082 255 sst]

195 346 278 410 hosti
291 361 356 406 rem
369 349 453 404 melu
463 343 674 403 Romanorum
688 337 825 414 equiturn
839 335 1013 398 inclinatam
1027 333 1179 410 aequauit

194 441 297 492 tumen
311 429 390 489 adeo
404 425 516 488 turbuti
530 430 618 486 eruut
631 424 759 484 dextrae
773 422 843 483 alae
854 418 974 496 pedites
985 417 1180 494 equitesque

195 522 230 578 ul
248 512 401 590 quosdam
409 509 519 572 consul
529 524 623 570 manu
634 505 705 584 ipsc
711 503 906 580 reprenderit
917 501 1072 582 [aversos]
1081 509 1180 562 verte

194 599 296 674 ritquo
308 595 341 657 ia
354 593 485 656 hostem.
506 593 549 654 its
562 599 592 654 et
606 590 753 668 quamdiu
763 587 932 652 missilibus
943 591 1116 664 pugnatum
1126 593 1180 663 est,

196 695 314 757 auceps
327 694 432 756 pugna
446 685 518 754 eret,
533 683 564 738 et
577 677 637 738 iam
652 675 691 735 ab
705 673 815 735 desua
828 678 925 749 parte,
940 669 1025 733 uude
1038 677 1141 731 terror
1153 679 1181 732 at

195 767 269 842 luge
284 767 438 839 coeperat,
454 776 546 838 segre
556 761 714 821 Romanus
727 757 873 819 restabat.
895 755 935 818 ub
945 754 1071 817 sinistro
1084 769 1181 818 eoruu

194 857 227 911 et
248 864 267 910 a
287 849 391 908 fronte
407 845 596 922 urgebantur
612 842 750 917 barbari,
777 849 808 902 ct
827 838 974 902 cohortes
994 843 1117 915 utergo
1137 838 1180 900 in·

195 939 313 996 etentes
334 930 439 1008 pavidi
458 924 674 1007 respiciebant.
705 933 740 988 ul
759 926 881 988 omissis
896 923 1065 990 soliferreis
1080 923 1180 984 taleri-

194 1019 305 1094 oisque
328 1016 449 1092 gladios
475 1013 677 1088 strinxerunt,
705 1017 768 1073 tum
793 1010 878 1072 velut
901 1007 1112 1083 redintegrata
1136 1014 1183 1070 est

197 1118 312 1180 pugna.
343 1117 405 1162 non
427 1099 529 1162 esocis
551 1097 661 1160 ictibus
680 1097 788 1172 procul
802 1111 843 1154 ex
856 1093 1026 1170 improviso
1040 1091 1182 1154 vulnera·

197 1186 321 1260 bantur,
344 1184 402 1246 sed
422 1183 503 1261 pede
525 1183 635 1246 colluto
657 1186 721 1243 tota
741 1179 772 1240 iu
792 1179 902 1240 virtute
921 1194 959 1238 so
972 1175 1091 1239 viribus
1106 1193 1182 1253 spes

195 1277 272 1331 erat.
302 1269 368 1331 XV.
389 1269 493 1330 lessos
514 1268 574 1328 iam
596 1283 671 1328 suos
695 1265 805 1326 consul
819 1279 859 1324 ex
873 1263 1013 1324 secunde
1027 1260 1095 1322 scie
1109 1261 1182 1323 sub

197 1353 329 1415 sidiariis
356 1351 536 1414 cohortibus
555 1351 587 1411 in
608 1365 744 1426 pugnam
764 1349 896 1409 induetis
917 1346 1067 1408 uoccndit.
1101 1361 1184 1408 nora

197 1437 281 1498 scies
296 1438 393 1505 iscus
414 1436 523 1511 integri
537 1435 713 1498 recentibus
728 1434 796 1494 telis
813 1433 955 1508 latigalos
970 1429 1070 1493 adorti
1083 1430 1183 1492 hostis

196 1521 328 1598 primum
339 1519 402 1582 acri
413 1520 529 1596 impetu
539 1520 623 1579 volut
635 1533 734 1580 cuneo
746 1519 951 1594 perculerunt,
966 1515 1080 1577 deiude
1092 1515 1184 1576 dissi·

196 1612 286 1682 patos
301 1604 333 1664 iu
348 1603 451 1679 urgan
465 1609 655 1664 averterunt:
677 1601 778 1663 effuso
794 1617 850 1678 per
865 1617 957 1677 agros
973 1615 1068 1662 cursu
1082 1605 1185 1661 cestra

197 1687 426 1765 repetebantur.
448 1687 501 1749 ubi
516 1686 618 1748 omnia
628 1687 702 1764 luga
714 1688 867 1762 completa
877 1687 953 1746 vidit
963 1683 1046 1760 Cato,
1061 1685 1134 1760 ipss
1146 1683 1184 1743 ud

196 1771 366 1833 secundam
385 1771 553 1846 legionem,
575 1787 655 1848 quae
675 1771 707 1831 in
722 1769 862 1833 subsidio
878 1770 981 1846 posita
994 1775 1075 1844 erut,
1098 1783 1181 1846 equo

195 1855 358 1930 revehitur,
374 1863 405 1918 et
419 1856 508 1930 signa
521 1869 597 1932 prae
612 1871 647 1918 se
662 1856 734 1916 terri
747 1857 904 1932 plenoque
918 1853 1017 1930 gradu
1028 1853 1068 1914 ed
1081 1860 1184 1915 costra

197 1937 333 2003 hostium
348 1941 559 2018 oppugnanda
573 1940 742 2001 succedero
757 1939 850 2001 iubet.
872 1939 900 2000 si
915 1939 983 2014 quis
999 1945 1088 2005 extra
1102 1937 1184 1999 ordi·

196 2039 268 2086 nom
288 2024 409 2086 avidius
429 2025 596 2101 procurrit,
619 2031 650 2086 ot
668 2025 738 2099 ipse
757 2023 978 2099 interequitans
1001 2038 1097 2098 spero
1112 2037 1186 2098 por·

195 2109 286 2182 cutit,
312 2115 343 2170 et
366 2108 507 2172 tribunos
533 2109 793 2186 uenturiouesque
817 2107 969 2184 uestigare
995 2107 1089 2168 iubet.
1123 2107 1185 2167 ism

197 2198 300 2253 eastra
322 2191 457 2254 hostiurn
482 2193 753 2270 oppugnabantur,
779 2192 928 2268 saxisque
948 2198 978 2252 et
1002 2191 1136 2268 sudibus
1157 2196 1188 2252 et

196 2275 279 2337 omui
303 2291 418 2351 genere
441 2278 571 2339 telorum
596 2277 868 2340 summovebantur
890 2291 909 2338 a
928 2276 1010 2338 vullo
1034 2274 1185 2337 Ronmui=

195 2359 249 2422 ubi
263 2375 373 2422 reeens
386 2361 528 2424 admotal
570 2361 599 2423 ὀ
612 2368 668 2436 est,
683 2369 746 2423 tum
758 2367 789 2422 et
800 2359 1050 2438 oppugnantibus
1061 2361 1187 2420 suimus

195 2444 306 2520 creuit,
328 2451 359 2507 ot
377 2445 529 2508 intensius
571 2452 656 2509 ostes
678 2463 734 2522 pro
749 2446 831 2506 vallo
851 2444 1039 2522 timebant.
1073 2443 1187 2506 eoumrl

195 2529 298 2590 omnia
319 2530 418 2592 oculis
438 2532 618 2608 perlustrat,
639 2537 674 2593 ul
688 2547 750 2607 qua
763 2529 887 2593 minima
900 2529 930 2589 ui
944 2529 1123 2600 resistatur,
1146 2544 1190 2590 ea

195 2620 284 2690 parte
304 2614 461 2691 irrumpat.
494 2617 535 2676 ad
555 2615 710 2676 sinistram
730 2620 850 2691 portam
864 2613 1067 2690 inlrcqueutis
1081 2613 1187 2678 videta

194 2713 233 2757 ea
248 2699 405 2760 secundae
425 2699 557 2774 legionis
577 2699 734 2774 principes
749 2699 951 2774 hastatosque
965 2698 1091 2760 inducit
1119 2714 1189 2779 uqu

194 2779 339 2841 sustinuit
362 2783 509 2857 impeturn
534 2797 641 2843 eorum
666 2783 772 2859 statio,
797 2798 878 2860 quoe
902 2788 1010 2857 portae
1037 2783 1190 2858 apposita

192 2869 275 2933 erat;
297 2871 328 2923 et
342 2865 435 2926 ceteri
449 2872 616 2942 postquam
630 2866 709 2928 iutra
723 2867 837 2929 vallum
850 2866 973 2928 hostem
986 2866 1102 2942 vident,
1121 2866 1190 2941 ipsi

193 2946 303 3008 castris
319 2948 402 3009 exuti
416 2947 506 3026 signa
520 2965 666 3027 armaque
680 2950 824 3013 abiciunt.
847 2951 1017 3013 caeduntur
1029 2951 1061 3011 in
1072 2950 1189 3026 portis,

194 3036 316 3092 suomet
332 3031 393 3107 ipsi
414 3034 535 3108 agmine
555 3033 586 3093 in
607 3041 673 3096 arlo
694 3033 866 3098 haerentes.
903 3035 1074 3098 secundani
1093 3039 1190 3109 terga

193 3114 327 3177 hostium
343 3117 483 3193 caedunt,
502 3119 595 3178 reteri
611 3119 881 3197 eastradiripiuut.
911 3119 1055 3181 Valerius
1070 3118 1191 3179 Antias

193 3216 288 3276 supra
313 3201 514 3278 quadraginta
538 3202 621 3264 milia
644 3202 779 3266 hostium
803 3219 898 3266 caesa
922 3219 960 3265 eo
986 3203 1037 3264 die
1064 3202 1189 3264 scribit.

192 3285 266 3346 Cato
282 3285 365 3362 ipse,
380 3285 464 3348 haud
477 3301 554 3348 sane
569 3285 755 3350 detractator
767 3287 893 3350 laudum
909 3303 1051 3363 suarum,
1066 3288 1190 3349 multos

192 3383 305 3431 caesos
322 3370 371 3446 sit,
386 3386 545 3432 numerum
559 3387 622 3433 nou
634 3370 790 3433 adscribit.
812 3372 892 3436 XVI.
909 3372 990 3446 [Tria
1001 3387 1039 3434 eo
1052 3370 1103 3432 die
1113 3371 1191 3435 lau-

191 3450 307 3513 dabilia
320 3454 434 3516 iecisse
448 3462 582 3531 putatur,
598 3473 693 3518 unum
708 3458 793 3534 quod
808 3455 1017 3518 circumducto
1030 3454 1193 3532 exercitu,
