<?xml version="1.0" encoding="UTF-8"?>
<!DOCTYPE html PUBLIC "-//W3C//DTD XHTML 1.0 Transitional//EN"
    "http://www.w3.org/TR/xhtml1/DTD/xhtml1-transitional.dtd">
<html xmlns="http://www.w3.org/1999/xhtml" xml:lang="en" lang="en">
 <head>
  <title>
</title>
<meta http-equiv="Content-Type" content="text/html;charset=utf-8" />
  <meta name='ocr-system' content='tesseract 3.04.00' />
  <meta name='ocr-capabilities' content='ocr_page ocr_carea ocr_par ocr_line ocrx_word'/>
</head>
<body>
  <div class='ocr_page' id='page_1' title='image "./titiliviaburbec08livygoog_0216.png"; bbox 0 0 2480 3904; ppageno 0'>
   <div class='ocr_carea' id='block_1_1' title="bbox 259 187 1072 266">
    <p class='ocr_par' dir='ltr' id='par_1_1' title="bbox 259 187 1072 266">
     <span class='ocr_line' id='line_1_1' title="bbox 259 187 1072 266; baseline 0.012 -18"><span class='ocrx_word' id='word_1_1' title='bbox 259 187 722 254; x_wconf 78' lang='lat' dir='ltr'>LtBERXXXv.cAP.1a.14.</span> <span class='ocrx_word' id='word_1_2' title='bbox 745 197 781 264; x_wconf 74' lang='grc' dir='ltr'>[ι.</span> <span class='ocrx_word' id='word_1_3' title='bbox 795 197 903 266; x_wconf 63' lang='lat' dir='ltr'>cusa]</span> <span class='ocrx_word' id='word_1_4' title='bbox 1009 193 1072 258; x_wconf 84' lang='lat'>187</span> 
     </span>
    </p>
   </div>
   <div class='ocr_carea' id='block_1_2' title="bbox 97 343 1073 3534">
    <p class='ocr_par' dir='ltr' id='par_1_2' title="bbox 98 343 1073 841">
     <span class='ocr_line' id='line_1_2' title="bbox 101 343 1071 420; baseline 0.003 -16"><span class='ocrx_word' id='word_1_5' title='bbox 101 343 309 406; x_wconf 88' lang='lat' dir='ltr'>maritimarum</span> <span class='ocrx_word' id='word_1_6' title='bbox 319 343 475 405; x_wconf 87' lang='lat' dir='ltr'>Laconum</span> <span class='ocrx_word' id='word_1_7' title='bbox 486 343 669 404; x_wconf 87' lang='lat' dir='ltr'>tuendorum</span> <span class='ocrx_word' id='word_1_8' title='bbox 681 360 700 403; x_wconf 89' lang='lat' dir='ltr'>a</span> <span class='ocrx_word' id='word_1_9' title='bbox 710 345 742 404; x_wconf 88' lang='lat' dir='ltr'>T.</span> <span class='ocrx_word' id='word_1_10' title='bbox 752 343 890 420; x_wconf 79' lang='lat' dir='ltr'>Quinctio</span> <span class='ocrx_word' id='word_1_11' title='bbox 903 361 976 405; x_wconf 87' lang='lat' dir='ltr'>nura</span> <span class='ocrx_word' id='word_1_12' title='bbox 986 363 1071 407; x_wconf 90' lang='lat' dir='ltr'>man·</span> 
     </span>
     <span class='ocr_line' id='line_1_3' title="bbox 100 428 1071 506; baseline 0.004 -18"><span class='ocrx_word' id='word_1_13' title='bbox 100 429 165 490; x_wconf 85' lang='lat' dir='ltr'>data</span> <span class='ocrx_word' id='word_1_14' title='bbox 179 435 252 488; x_wconf 87' lang='lat' dir='ltr'>erat.</span> <span class='ocrx_word' id='word_1_15' title='bbox 283 428 388 506; x_wconf 85' lang='lat' dir='ltr'>itaque</span> <span class='ocrx_word' id='word_1_16' title='bbox 402 429 556 504; x_wconf 84' lang='lat' dir='ltr'>extempio</span> <span class='ocrx_word' id='word_1_17' title='bbox 572 436 601 487; x_wconf 89' lang='lat' dir='ltr'>et</span> <span class='ocrx_word' id='word_1_18' title='bbox 615 429 655 488; x_wconf 89' lang='lat' dir='ltr'>ad</span> <span class='ocrx_word' id='word_1_19' title='bbox 670 437 832 506; x_wconf 80' lang='lat' dir='ltr'>tyrannum</span> <span class='ocrx_word' id='word_1_20' title='bbox 846 430 964 504; x_wconf 80' lang='lat' dir='ltr'>legatus</span> <span class='ocrx_word' id='word_1_21' title='bbox 979 432 1071 492; x_wconf 77' lang='lat' dir='ltr'>mise</span> 
     </span>
     <span class='ocr_line' id='line_1_4' title="bbox 98 509 1071 592; baseline 0.003 -20"><span class='ocrx_word' id='word_1_22' title='bbox 98 518 177 590; x_wconf 86' lang='lat' dir='ltr'>runt,</span> <span class='ocrx_word' id='word_1_23' title='bbox 203 513 256 592; x_wconf 88' lang='lat' dir='ltr'>qui</span> <span class='ocrx_word' id='word_1_24' title='bbox 277 515 479 587; x_wconf 82' lang='lat' dir='ltr'><strong>admonerent</strong></span> <span class='ocrx_word' id='word_1_25' title='bbox 499 514 635 576; x_wconf 88' lang='lat' dir='ltr'>laederis</span> <span class='ocrx_word' id='word_1_26' title='bbox 657 509 804 586; x_wconf 85' lang='lat' dir='ltr'>Romani,</span> <span class='ocrx_word' id='word_1_27' title='bbox 845 512 1071 575; x_wconf 87' lang='lat' dir='ltr'>denuntiarent-</span> 
     </span>
     <span class='ocr_line' id='line_1_5' title="bbox 100 596 1073 678; baseline 0 -20"><span class='ocrx_word' id='word_1_28' title='bbox 100 613 170 670; x_wconf 90' lang='lat' dir='ltr'>oue,</span> <span class='ocrx_word' id='word_1_29' title='bbox 195 611 234 656; x_wconf 89' lang='lat' dir='ltr'>ac</span> <span class='ocrx_word' id='word_1_30' title='bbox 255 611 378 672; x_wconf 80' lang='lat' dir='ltr'>pacem,</span> <span class='ocrx_word' id='word_1_31' title='bbox 404 611 495 674; x_wconf 89' lang='lat' dir='ltr'>quam</span> <span class='ocrx_word' id='word_1_32' title='bbox 514 601 674 678; x_wconf 80' lang='lat' dir='ltr'>taratopere</span> <span class='ocrx_word' id='word_1_33' title='bbox 696 596 838 672; x_wconf 88' lang='lat' dir='ltr'>petisset,</span> <span class='ocrx_word' id='word_1_34' title='bbox 862 597 1016 667; x_wconf 64' lang='lat' dir='ltr'>turbareta</span> <span class='ocrx_word' id='word_1_35' title='bbox 1042 605 1073 658; x_wconf 91' lang='lat' dir='ltr'>et</span> 
     </span>
     <span class='ocr_line' id='line_1_6' title="bbox 99 678 1071 759; baseline 0 -17"><span class='ocrx_word' id='word_1_36' title='bbox 99 680 204 742; x_wconf 81' lang='lat' dir='ltr'>auxilia</span> <span class='ocrx_word' id='word_1_37' title='bbox 219 680 259 742; x_wconf 91' lang='lat' dir='ltr'>ad</span> <span class='ocrx_word' id='word_1_38' title='bbox 274 679 433 756; x_wconf 86' lang='lat' dir='ltr'>Gythium,</span> <span class='ocrx_word' id='word_1_39' title='bbox 452 678 536 756; x_wconf 83' lang='lat' dir='ltr'>quod</span> <span class='ocrx_word' id='word_1_40' title='bbox 549 679 609 738; x_wconf 91' lang='lat' dir='ltr'>iam</span> <span class='ocrx_word' id='word_1_41' title='bbox 625 680 861 754; x_wconf 80' lang='lat' dir='ltr'>oppugnabatur</span> <span class='ocrx_word' id='word_1_42' title='bbox 875 681 914 741; x_wconf 84' lang='lat' dir='ltr'>ab</span> <span class='ocrx_word' id='word_1_43' title='bbox 930 690 1071 759; x_wconf 79' lang='lat' dir='ltr'>tyranno,</span> 
     </span>
     <span class='ocr_line' id='line_1_7' title="bbox 99 762 892 841; baseline -0.004 -17"><span class='ocrx_word' id='word_1_44' title='bbox 99 772 125 826; x_wconf 91' lang='lat' dir='ltr'>et</span> <span class='ocrx_word' id='word_1_45' title='bbox 136 765 271 838; x_wconf 85' lang='lat' dir='ltr'>Rumam,</span> <span class='ocrx_word' id='word_1_46' title='bbox 287 765 338 841; x_wconf 88' lang='lat' dir='ltr'>qui</span> <span class='ocrx_word' id='word_1_47' title='bbox 354 779 392 824; x_wconf 87' lang='lat' dir='ltr'>ea</span> <span class='ocrx_word' id='word_1_48' title='bbox 406 762 588 836; x_wconf 78' lang='lat' dir='ltr'>nuntiarent,</span> <span class='ocrx_word' id='word_1_49' title='bbox 602 765 721 838; x_wconf 81' lang='lat' dir='ltr'>legatos</span> <span class='ocrx_word' id='word_1_50' title='bbox 735 764 892 824; x_wconf 89' lang='lat' dir='ltr'>miserunt.</span> 
     </span>
    </p>

    <p class='ocr_par' dir='ltr' id='par_1_3' title="bbox 97 845 1072 2774">
     <span class='ocr_line' id='line_1_8' title="bbox 175 845 1068 922; baseline -0.002 -12"><span class='ocrx_word' id='word_1_51' title='bbox 175 847 347 910; x_wconf 87' lang='lat' dir='ltr'>Antiochus</span> <span class='ocrx_word' id='word_1_52' title='bbox 367 863 423 908; x_wconf 88' lang='lat' dir='ltr'>rex</span> <span class='ocrx_word' id='word_1_53' title='bbox 445 863 482 907; x_wconf 89' lang='lat' dir='ltr'>ea</span> <span class='ocrx_word' id='word_1_54' title='bbox 496 846 595 909; x_wconf 90' lang='lat' dir='ltr'>hieme</span> <span class='ocrx_word' id='word_1_55' title='bbox 609 847 747 922; x_wconf 85' lang='lat' dir='ltr'>Raphiae</span> <span class='ocrx_word' id='word_1_56' title='bbox 761 849 792 908; x_wconf 95' lang='lat' dir='ltr'>in</span> <span class='ocrx_word' id='word_1_57' title='bbox 805 845 959 908; x_wconf 86' lang='lat' dir='ltr'>Phoenice</span> <span class='ocrx_word' id='word_1_58' title='bbox 972 847 1068 910; x_wconf 89' lang='lat' dir='ltr'>Ptole-</span> 
     </span>
     <span class='ocr_line' id='line_1_9' title="bbox 98 929 1070 1010; baseline 0.002 -19"><span class='ocrx_word' id='word_1_59' title='bbox 98 947 179 994; x_wconf 88' lang='lat' dir='ltr'>maeo</span> <span class='ocrx_word' id='word_1_60' title='bbox 193 931 259 1008; x_wconf 75' lang='lat' dir='ltr'>regi</span> <span class='ocrx_word' id='word_1_61' title='bbox 272 934 409 1010; x_wconf 78' lang='lat' dir='ltr'>Aegypti</span> <span class='ocrx_word' id='word_1_62' title='bbox 424 932 486 992; x_wconf 85' lang='lat' dir='ltr'>filia</span> <span class='ocrx_word' id='word_1_63' title='bbox 500 929 531 990; x_wconf 90' lang='lat' dir='ltr'>in</span> <span class='ocrx_word' id='word_1_64' title='bbox 545 931 769 992; x_wconf 85' lang='lat' dir='ltr'>matrimonium</span> <span class='ocrx_word' id='word_1_65' title='bbox 783 932 862 1006; x_wconf 88' lang='lat' dir='ltr'>data,</span> <span class='ocrx_word' id='word_1_66' title='bbox 882 949 951 994; x_wconf 88' lang='lat' dir='ltr'>cum</span> <span class='ocrx_word' id='word_1_67' title='bbox 964 933 1070 994; x_wconf 85' lang='lat' dir='ltr'>Antio-</span> 
     </span>
     <span class='ocr_line' id='line_1_10' title="bbox 99 1015 1070 1092; baseline 0.002 -18"><span class='ocrx_word' id='word_1_68' title='bbox 99 1015 190 1076; x_wconf 88' lang='lat' dir='ltr'>chiam</span> <span class='ocrx_word' id='word_1_69' title='bbox 211 1032 247 1078; x_wconf 88' lang='lat' dir='ltr'>se</span> <span class='ocrx_word' id='word_1_70' title='bbox 264 1015 452 1090; x_wconf 81' lang='lat' dir='ltr'>recepisset,</span> <span class='ocrx_word' id='word_1_71' title='bbox 473 1032 529 1091; x_wconf 89' lang='lat' dir='ltr'>per</span> <span class='ocrx_word' id='word_1_72' title='bbox 545 1016 678 1076; x_wconf 87' lang='lat' dir='ltr'>Ciliciam</span> <span class='ocrx_word' id='word_1_73' title='bbox 691 1017 791 1078; x_wconf 86' lang='lat' dir='ltr'>Tauro</span> <span class='ocrx_word' id='word_1_74' title='bbox 807 1023 911 1077; x_wconf 89' lang='lat' dir='ltr'>monte</span> <span class='ocrx_word' id='word_1_75' title='bbox 924 1025 1070 1092; x_wconf 86' lang='lat' dir='ltr'>superato</span> 
     </span>
     <span class='ocr_line' id='line_1_11' title="bbox 98 1099 1070 1176; baseline 0.003 -17"><span class='ocrx_word' id='word_1_76' title='bbox 98 1107 226 1163; x_wconf 86' lang='lat' dir='ltr'>extrema</span> <span class='ocrx_word' id='word_1_77' title='bbox 252 1101 315 1161; x_wconf 91' lang='lat' dir='ltr'>iam</span> <span class='ocrx_word' id='word_1_78' title='bbox 335 1100 443 1162; x_wconf 87' lang='lat' dir='ltr'>hiemis</span> <span class='ocrx_word' id='word_1_79' title='bbox 464 1099 622 1176; x_wconf 78' lang='lat' dir='ltr'>Ephesum</span> <span class='ocrx_word' id='word_1_80' title='bbox 645 1100 799 1176; x_wconf 59' lang='lat' dir='ltr'>pervenio</span> <span class='ocrx_word' id='word_1_81' title='bbox 828 1099 900 1162; x_wconf 90' lang='lat' dir='ltr'>inde</span> <span class='ocrx_word' id='word_1_82' title='bbox 919 1101 1070 1176; x_wconf 87' lang='lat' dir='ltr'>principio</span> 
     </span>
     <span class='ocr_line' id='line_1_12' title="bbox 98 1183 1071 1264; baseline 0.003 -23"><span class='ocrx_word' id='word_1_83' title='bbox 98 1185 188 1260; x_wconf 88' lang='lat' dir='ltr'>veris,</span> <span class='ocrx_word' id='word_1_84' title='bbox 202 1183 357 1246; x_wconf 84' lang='lat' dir='ltr'>Antiocho</span> <span class='ocrx_word' id='word_1_85' title='bbox 379 1185 441 1246; x_wconf 89' lang='lat' dir='ltr'>filio</span> <span class='ocrx_word' id='word_1_86' title='bbox 462 1185 559 1246; x_wconf 91' lang='lat' dir='ltr'>misso</span> <span class='ocrx_word' id='word_1_87' title='bbox 580 1183 611 1246; x_wconf 94' lang='lat' dir='ltr'>in</span> <span class='ocrx_word' id='word_1_88' title='bbox 626 1183 748 1264; x_wconf 70' lang='lat' dir='ltr'>Syriam</span> <span class='ocrx_word' id='word_1_89' title='bbox 758 1184 803 1244; x_wconf 88' lang='lat' dir='ltr'>ad</span> <span class='ocrx_word' id='word_1_90' title='bbox 818 1184 989 1246; x_wconf 85' lang='lat' dir='ltr'>custodiam</span> <span class='ocrx_word' id='word_1_91' title='bbox 1003 1184 1071 1244; x_wconf 90' lang='lat' dir='ltr'>ulti·</span> 
     </span>
     <span class='ocr_line' id='line_1_13' title="bbox 98 1267 1071 1348; baseline -0.001 -20"><span class='ocrx_word' id='word_1_92' title='bbox 98 1284 206 1330; x_wconf 85' lang='lat' dir='ltr'>marum</span> <span class='ocrx_word' id='word_1_93' title='bbox 220 1269 352 1348; x_wconf 85' lang='lat' dir='ltr'>partium</span> <span class='ocrx_word' id='word_1_94' title='bbox 365 1267 462 1344; x_wconf 81' lang='lat' dir='ltr'>regni,</span> <span class='ocrx_word' id='word_1_95' title='bbox 477 1285 516 1328; x_wconf 90' lang='lat' dir='ltr'>ne</span> <span class='ocrx_word' id='word_1_96' title='bbox 532 1269 607 1345; x_wconf 91' lang='lat' dir='ltr'>quid</span> <span class='ocrx_word' id='word_1_97' title='bbox 622 1269 750 1332; x_wconf 88' lang='lat' dir='ltr'>ahsente</span> <span class='ocrx_word' id='word_1_98' title='bbox 765 1285 800 1329; x_wconf 88' lang='lat' dir='ltr'>se</span> <span class='ocrx_word' id='word_1_99' title='bbox 814 1268 852 1328; x_wconf 91' lang='lat' dir='ltr'>ab</span> <span class='ocrx_word' id='word_1_100' title='bbox 867 1276 952 1344; x_wconf 81' lang='lat' dir='ltr'>tergo</span> <span class='ocrx_word' id='word_1_101' title='bbox 966 1283 1071 1330; x_wconf 75' lang='lat' dir='ltr'>mase-</span> 
     </span>
     <span class='ocr_line' id='line_1_14' title="bbox 98 1351 1062 1429; baseline 0.001 -19"><span class='ocrx_word' id='word_1_102' title='bbox 98 1360 188 1428; x_wconf 90' lang='lat' dir='ltr'>retur,</span> <span class='ocrx_word' id='word_1_103' title='bbox 209 1355 280 1428; x_wconf 89' lang='lat' dir='ltr'>ipse</span> <span class='ocrx_word' id='word_1_104' title='bbox 301 1369 370 1416; x_wconf 89' lang='lat' dir='ltr'>cum</span> <span class='ocrx_word' id='word_1_105' title='bbox 392 1353 533 1415; x_wconf 91' lang='lat' dir='ltr'>omnibus</span> <span class='ocrx_word' id='word_1_106' title='bbox 555 1353 750 1414; x_wconf 84' lang='lat' dir='ltr'>terrestribus</span> <span class='ocrx_word' id='word_1_107' title='bbox 772 1352 872 1429; x_wconf 89' lang='lat' dir='ltr'>capiis</span> <span class='ocrx_word' id='word_1_108' title='bbox 888 1351 1062 1414; x_wconf 87' lang='lat' dir='ltr'>adPisidas</span> 
     </span>
     <span class='ocr_line' id='line_1_15' title="bbox 100 1435 1071 1514; baseline -0.004 -16"><span class='ocrx_word' id='word_1_109' title='bbox 100 1435 146 1512; x_wconf 92' lang='lat' dir='ltr'>oui</span> <span class='ocrx_word' id='word_1_110' title='bbox 164 1437 245 1498; x_wconf 90' lang='lat' dir='ltr'>circa</span> <span class='ocrx_word' id='word_1_111' title='bbox 266 1435 393 1498; x_wconf 86' lang='lat' dir='ltr'>Sindam</span> <span class='ocrx_word' id='word_1_112' title='bbox 413 1439 565 1511; x_wconf 89' lang='lat' dir='ltr'>incolunt,</span> <span class='ocrx_word' id='word_1_113' title='bbox 587 1437 813 1514; x_wconf 75' lang='lat' dir='ltr'>oppugnandas</span> <span class='ocrx_word' id='word_1_114' title='bbox 835 1444 883 1498; x_wconf 89' lang='lat' dir='ltr'>est</span> <span class='ocrx_word' id='word_1_115' title='bbox 903 1437 1071 1512; x_wconf 86' lang='lat' dir='ltr'>proiectus.</span> 
     </span>
     <span class='ocr_line' id='line_1_16' title="bbox 99 1519 1072 1600; baseline 0 -20"><span class='ocrx_word' id='word_1_116' title='bbox 99 1535 131 1581; x_wconf 91' lang='lat' dir='ltr'>eo</span> <span class='ocrx_word' id='word_1_117' title='bbox 150 1529 288 1597; x_wconf 86' lang='lat' dir='ltr'>tempore</span> <span class='ocrx_word' id='word_1_118' title='bbox 308 1522 399 1598; x_wconf 78' lang='lat' dir='ltr'>legati</span> <span class='ocrx_word' id='word_1_119' title='bbox 412 1523 542 1582; x_wconf 89' lang='lat' dir='ltr'>Romani</span> <span class='ocrx_word' id='word_1_120' title='bbox 555 1521 587 1582; x_wconf 90' lang='lat' dir='ltr'>P.</span> <span class='ocrx_word' id='word_1_121' title='bbox 604 1521 758 1600; x_wconf 83' lang='lat' dir='ltr'>Sulpicius</span> <span class='ocrx_word' id='word_1_122' title='bbox 780 1530 810 1584; x_wconf 85' lang='lat' dir='ltr'>et</span> <span class='ocrx_word' id='word_1_123' title='bbox 822 1521 855 1581; x_wconf 91' lang='lat' dir='ltr'>P.</span> <span class='ocrx_word' id='word_1_124' title='bbox 869 1521 996 1596; x_wconf 83' lang='lat' dir='ltr'>Villius,</span> <span class='ocrx_word' id='word_1_125' title='bbox 1019 1519 1072 1596; x_wconf 91' lang='lat' dir='ltr'>qui</span> 
     </span>
     <span class='ocr_line' id='line_1_17' title="bbox 98 1603 1072 1684; baseline 0.002 -22"><span class='ocrx_word' id='word_1_126' title='bbox 98 1605 133 1666; x_wconf 89' lang='lat' dir='ltr'>ad</span> <span class='ocrx_word' id='word_1_127' title='bbox 145 1605 344 1678; x_wconf 86' lang='lat' dir='ltr'>Antiochum,</span> <span class='ocrx_word' id='word_1_128' title='bbox 368 1607 447 1667; x_wconf 90' lang='lat' dir='ltr'>sicut</span> <span class='ocrx_word' id='word_1_129' title='bbox 466 1615 535 1668; x_wconf 82' lang='lat' dir='ltr'>arne</span> <span class='ocrx_word' id='word_1_130' title='bbox 556 1607 751 1684; x_wconf 84' lang='lat' dir='ltr'>dictumest,</span> <span class='ocrx_word' id='word_1_131' title='bbox 772 1606 858 1668; x_wconf 89' lang='lat' dir='ltr'>missi</span> <span class='ocrx_word' id='word_1_132' title='bbox 872 1613 974 1681; x_wconf 87' lang='lat' dir='ltr'>erant,</span> <span class='ocrx_word' id='word_1_133' title='bbox 994 1603 1072 1666; x_wconf 92' lang='lat' dir='ltr'>iussi</span> 
     </span>
     <span class='ocr_line' id='line_1_18' title="bbox 98 1689 1071 1765; baseline 0.001 -17"><span class='ocrx_word' id='word_1_134' title='bbox 98 1689 176 1762; x_wconf 87' lang='lat' dir='ltr'>prius</span> <span class='ocrx_word' id='word_1_135' title='bbox 188 1689 358 1755; x_wconf 80' lang='lat' dir='ltr'>Eumenem</span> <span class='ocrx_word' id='word_1_136' title='bbox 372 1689 458 1750; x_wconf 87' lang='lat' dir='ltr'>adire</span> <span class='ocrx_word' id='word_1_137' title='bbox 472 1690 596 1752; x_wconf 83' lang='lat' dir='ltr'>Elaeam</span> <span class='ocrx_word' id='word_1_138' title='bbox 610 1707 738 1760; x_wconf 83' lang='lat' dir='ltr'>venere;</span> <span class='ocrx_word' id='word_1_139' title='bbox 761 1691 833 1752; x_wconf 90' lang='lat' dir='ltr'>inde</span> <span class='ocrx_word' id='word_1_140' title='bbox 843 1691 1071 1765; x_wconf 81' lang='lat' dir='ltr'>Pergamum-</span> 
     </span>
     <span class='ocr_line' id='line_1_19' title="bbox 98 1771 1070 1851; baseline 0.003 -20"><span class='ocrx_word' id='word_1_141' title='bbox 98 1771 134 1832; x_wconf 91' lang='lat' dir='ltr'>ibi</span> <span class='ocrx_word' id='word_1_142' title='bbox 151 1775 235 1850; x_wconf 82' lang='lat' dir='ltr'>regia</span> <span class='ocrx_word' id='word_1_143' title='bbox 246 1775 395 1838; x_wconf 84' lang='lat' dir='ltr'>Eumenis</span> <span class='ocrx_word' id='word_1_144' title='bbox 417 1774 525 1834; x_wconf 81' lang='lat' dir='ltr'>iuit-</span> <span class='ocrx_word' id='word_1_145' title='bbox 535 1775 750 1836; x_wconf 84' lang='lat' dir='ltr'>escenderunt.</span> <span class='ocrx_word' id='word_1_146' title='bbox 784 1775 915 1851; x_wconf 90' lang='lat' dir='ltr'>cupidus</span> <span class='ocrx_word' id='word_1_147' title='bbox 930 1775 1001 1835; x_wconf 90' lang='lat' dir='ltr'>belli</span> <span class='ocrx_word' id='word_1_148' title='bbox 1016 1774 1070 1834; x_wconf 89' lang='lat' dir='ltr'>ad-</span> 
     </span>
     <span class='ocr_line' id='line_1_20' title="bbox 99 1857 1070 1938; baseline 0 -20"><span class='ocrx_word' id='word_1_149' title='bbox 99 1873 198 1922; x_wconf 86' lang='lat' dir='ltr'>versus</span> <span class='ocrx_word' id='word_1_150' title='bbox 212 1858 400 1924; x_wconf 80' lang='lat' dir='ltr'>Antiochum</span> <span class='ocrx_word' id='word_1_151' title='bbox 412 1857 565 1938; x_wconf 84' lang='lat' dir='ltr'>Eumenes</span> <span class='ocrx_word' id='word_1_152' title='bbox 586 1866 667 1932; x_wconf 88' lang='lat' dir='ltr'>erat,</span> <span class='ocrx_word' id='word_1_153' title='bbox 689 1873 830 1934; x_wconf 83' lang='lat' dir='ltr'>gravem,</span> <span class='ocrx_word' id='word_1_154' title='bbox 852 1859 879 1918; x_wconf 91' lang='lat' dir='ltr'>si</span> <span class='ocrx_word' id='word_1_155' title='bbox 898 1873 961 1934; x_wconf 88' lang='lat' dir='ltr'>pax</span> <span class='ocrx_word' id='word_1_156' title='bbox 976 1865 1070 1932; x_wconf 83' lang='lat' dir='ltr'>esset,</span> 
     </span>
     <span class='ocr_line' id='line_1_21' title="bbox 98 1941 1071 2018; baseline -0.002 -16"><span class='ocrx_word' id='word_1_157' title='bbox 98 1945 224 2006; x_wconf 84' lang='lat' dir='ltr'>acceium</span> <span class='ocrx_word' id='word_1_158' title='bbox 246 1950 332 2006; x_wconf 89' lang='lat' dir='ltr'>tanto</span> <span class='ocrx_word' id='word_1_159' title='bbox 353 1943 555 2018; x_wconf 87' lang='lat' dir='ltr'>potentiorem</span> <span class='ocrx_word' id='word_1_160' title='bbox 576 1958 680 2018; x_wconf 78' lang='lat' dir='ltr'>regern</span> <span class='ocrx_word' id='word_1_161' title='bbox 701 1943 847 2012; x_wconf 82' lang='lat' dir='ltr'>credens;</span> <span class='ocrx_word' id='word_1_162' title='bbox 876 1942 1021 2016; x_wconf 88' lang='lat' dir='ltr'>eundern,</span> <span class='ocrx_word' id='word_1_163' title='bbox 1043 1941 1071 2002; x_wconf 91' lang='lat' dir='ltr'>si</span> 
     </span>
     <span class='ocr_line' id='line_1_22' title="bbox 97 2026 1069 2103; baseline 0.003 -18"><span class='ocrx_word' id='word_1_164' title='bbox 97 2036 203 2088; x_wconf 87' lang='lat' dir='ltr'>motum</span> <span class='ocrx_word' id='word_1_165' title='bbox 228 2029 344 2088; x_wconf 89' lang='lat' dir='ltr'>bellum</span> <span class='ocrx_word' id='word_1_166' title='bbox 372 2035 469 2102; x_wconf 89' lang='lat' dir='ltr'>esset,</span> <span class='ocrx_word' id='word_1_167' title='bbox 495 2043 557 2089; x_wconf 90' lang='lat' dir='ltr'>non</span> <span class='ocrx_word' id='word_1_168' title='bbox 583 2027 679 2102; x_wconf 84' lang='lat' dir='ltr'>magis</span> <span class='ocrx_word' id='word_1_169' title='bbox 701 2041 806 2103; x_wconf 85' lang='lat' dir='ltr'>parem</span> <span class='ocrx_word' id='word_1_170' title='bbox 825 2026 973 2088; x_wconf 88' lang='lat' dir='ltr'>Romanis</span> <span class='ocrx_word' id='word_1_171' title='bbox 994 2027 1069 2098; x_wconf 88' lang='lat' dir='ltr'>lore,</span> 
     </span>
     <span class='ocr_line' id='line_1_23' title="bbox 98 2109 1072 2188; baseline -0.003 -17"><span class='ocrx_word' id='word_1_172' title='bbox 98 2127 182 2186; x_wconf 87' lang='lat' dir='ltr'>quem</span> <span class='ocrx_word' id='word_1_173' title='bbox 195 2111 355 2188; x_wconf 87' lang='lat' dir='ltr'>Philippus</span> <span class='ocrx_word' id='word_1_174' title='bbox 371 2113 494 2187; x_wconf 86' lang='lat' dir='ltr'>ruisset,</span> <span class='ocrx_word' id='word_1_175' title='bbox 517 2119 547 2172; x_wconf 87' lang='lat' dir='ltr'>cl</span> <span class='ocrx_word' id='word_1_176' title='bbox 561 2119 612 2172; x_wconf 90' lang='lat' dir='ltr'>aut</span> <span class='ocrx_word' id='word_1_177' title='bbox 626 2112 762 2173; x_wconf 81' lang='lat' dir='ltr'>funditus</span> <span class='ocrx_word' id='word_1_178' title='bbox 777 2111 930 2172; x_wconf 90' lang='lat' dir='ltr'>sublatum</span> <span class='ocrx_word' id='word_1_179' title='bbox 944 2109 997 2185; x_wconf 91' lang='lat' dir='ltr'>iri,</span> <span class='ocrx_word' id='word_1_180' title='bbox 1020 2117 1072 2169; x_wconf 89' lang='lat' dir='ltr'>aut</span> 
     </span>
     <span class='ocr_line' id='line_1_24' title="bbox 98 2195 1072 2270; baseline -0.001 -16"><span class='ocrx_word' id='word_1_181' title='bbox 98 2195 120 2254; x_wconf 87' lang='lat' dir='ltr'>si</span> <span class='ocrx_word' id='word_1_182' title='bbox 133 2211 193 2270; x_wconf 90' lang='lat' dir='ltr'>pax</span> <span class='ocrx_word' id='word_1_183' title='bbox 206 2197 290 2258; x_wconf 87' lang='lat' dir='ltr'>victa</span> <span class='ocrx_word' id='word_1_184' title='bbox 305 2196 442 2268; x_wconf 90' lang='lat' dir='ltr'>daretur,</span> <span class='ocrx_word' id='word_1_185' title='bbox 457 2197 552 2258; x_wconf 83' lang='lat' dir='ltr'>multa</span> <span class='ocrx_word' id='word_1_186' title='bbox 567 2196 609 2256; x_wconf 91' lang='lat' dir='ltr'>illi</span> <span class='ocrx_word' id='word_1_187' title='bbox 624 2197 760 2257; x_wconf 88' lang='lat' dir='ltr'>detracta</span> <span class='ocrx_word' id='word_1_188' title='bbox 774 2195 833 2257; x_wconf 91' lang='lat' dir='ltr'>sibi</span> <span class='ocrx_word' id='word_1_189' title='bbox 847 2211 1023 2269; x_wconf 88' lang='lat' dir='ltr'>accessura,</span> <span class='ocrx_word' id='word_1_190' title='bbox 1038 2199 1072 2254; x_wconf 91' lang='lat' dir='ltr'>ut</span> 
     </span>
     <span class='ocr_line' id='line_1_25' title="bbox 97 2278 1070 2355; baseline 0.001 -18"><span class='ocrx_word' id='word_1_191' title='bbox 97 2278 178 2340; x_wconf 88' lang='lat' dir='ltr'>iacile</span> <span class='ocrx_word' id='word_1_192' title='bbox 192 2279 306 2342; x_wconf 88' lang='lat' dir='ltr'>deinde</span> <span class='ocrx_word' id='word_1_193' title='bbox 321 2295 356 2340; x_wconf 89' lang='lat' dir='ltr'>se</span> <span class='ocrx_word' id='word_1_194' title='bbox 371 2281 409 2340; x_wconf 89' lang='lat' dir='ltr'>ab</span> <span class='ocrx_word' id='word_1_195' title='bbox 423 2297 461 2342; x_wconf 90' lang='lat' dir='ltr'>ea</span> <span class='ocrx_word' id='word_1_196' title='bbox 478 2281 545 2342; x_wconf 84' lang='lat' dir='ltr'>sine</span> <span class='ocrx_word' id='word_1_197' title='bbox 558 2281 620 2340; x_wconf 90' lang='lat' dir='ltr'>nilo</span> <span class='ocrx_word' id='word_1_198' title='bbox 633 2280 746 2341; x_wconf 83' lang='lat' dir='ltr'>auxilio</span> <span class='ocrx_word' id='word_1_199' title='bbox 757 2282 896 2342; x_wconf 86' lang='lat' dir='ltr'>Romano</span> <span class='ocrx_word' id='word_1_200' title='bbox 907 2279 985 2341; x_wconf 88' lang='lat' dir='ltr'>tueri</span> <span class='ocrx_word' id='word_1_201' title='bbox 996 2295 1070 2355; x_wconf 90' lang='lat' dir='ltr'>pos-</span> 
     </span>
     <span class='ocr_line' id='line_1_26' title="bbox 97 2364 1068 2440; baseline 0 -18"><span class='ocrx_word' id='word_1_202' title='bbox 97 2371 147 2424; x_wconf 89' lang='lat' dir='ltr'>set.</span> <span class='ocrx_word' id='word_1_203' title='bbox 167 2365 258 2425; x_wconf 89' lang='lat' dir='ltr'>etiam</span> <span class='ocrx_word' id='word_1_204' title='bbox 274 2365 300 2424; x_wconf 92' lang='lat' dir='ltr'>si</span> <span class='ocrx_word' id='word_1_205' title='bbox 316 2364 390 2440; x_wconf 90' lang='lat' dir='ltr'>quid</span> <span class='ocrx_word' id='word_1_206' title='bbox 405 2365 527 2426; x_wconf 89' lang='lat' dir='ltr'>adversi</span> <span class='ocrx_word' id='word_1_207' title='bbox 542 2381 685 2425; x_wconf 90' lang='lat' dir='ltr'>casurum</span> <span class='ocrx_word' id='word_1_208' title='bbox 700 2366 792 2438; x_wconf 80' lang='lat' dir='ltr'>toret,</span> <span class='ocrx_word' id='word_1_209' title='bbox 814 2365 911 2425; x_wconf 89' lang='lat' dir='ltr'>satius</span> <span class='ocrx_word' id='word_1_210' title='bbox 926 2379 997 2424; x_wconf 91' lang='lat' dir='ltr'>esse</span> <span class='ocrx_word' id='word_1_211' title='bbox 1008 2364 1068 2422; x_wconf 88' lang='lat' dir='ltr'>ilo·</span> 
     </span>
     <span class='ocr_line' id='line_1_27' title="bbox 97 2447 1070 2526; baseline -0.002 -20"><span class='ocrx_word' id='word_1_212' title='bbox 97 2447 186 2508; x_wconf 87' lang='lat' dir='ltr'>nanis</span> <span class='ocrx_word' id='word_1_213' title='bbox 202 2449 297 2510; x_wconf 90' lang='lat' dir='ltr'>sociis</span> <span class='ocrx_word' id='word_1_214' title='bbox 314 2464 537 2526; x_wconf 85' lang='lat' dir='ltr'>quamcumque</span> <span class='ocrx_word' id='word_1_215' title='bbox 557 2449 708 2508; x_wconf 83' lang='lat' dir='ltr'>fortunam</span> <span class='ocrx_word' id='word_1_216' title='bbox 724 2448 842 2519; x_wconf 90' lang='lat' dir='ltr'>subire,</span> <span class='ocrx_word' id='word_1_217' title='bbox 864 2462 956 2522; x_wconf 88' lang='lat' dir='ltr'>quam</span> <span class='ocrx_word' id='word_1_218' title='bbox 970 2447 1070 2506; x_wconf 89' lang='lat' dir='ltr'>solum</span> 
     </span>
     <span class='ocr_line' id='line_1_28' title="bbox 98 2527 1069 2608; baseline -0.003 -18"><span class='ocrx_word' id='word_1_219' title='bbox 98 2538 144 2590; x_wconf 85' lang='lat' dir='ltr'>aut</span> <span class='ocrx_word' id='word_1_220' title='bbox 156 2532 314 2608; x_wconf 89' lang='lat' dir='ltr'>imperium</span> <span class='ocrx_word' id='word_1_221' title='bbox 329 2533 392 2608; x_wconf 86' lang='lat' dir='ltr'>pali</span> <span class='ocrx_word' id='word_1_222' title='bbox 406 2532 549 2594; x_wconf 88' lang='lat' dir='ltr'>Antiochi</span> <span class='ocrx_word' id='word_1_223' title='bbox 564 2539 616 2592; x_wconf 89' lang='lat' dir='ltr'>aul</span> <span class='ocrx_word' id='word_1_224' title='bbox 630 2532 812 2592; x_wconf 84' lang='lat' dir='ltr'>abnuentem</span> <span class='ocrx_word' id='word_1_225' title='bbox 826 2531 856 2590; x_wconf 93' lang='lat' dir='ltr'>vi</span> <span class='ocrx_word' id='word_1_226' title='bbox 871 2538 963 2604; x_wconf 88' lang='lat' dir='ltr'>atque</span> <span class='ocrx_word' id='word_1_227' title='bbox 977 2527 1069 2588; x_wconf 89' lang='lat' dir='ltr'>armis</span> 
     </span>
     <span class='ocr_line' id='line_1_29' title="bbox 98 2612 1057 2692; baseline -0.001 -20"><span class='ocrx_word' id='word_1_228' title='bbox 98 2616 168 2690; x_wconf 81' lang='lat' dir='ltr'>cogi.</span> <span class='ocrx_word' id='word_1_229' title='bbox 192 2617 231 2678; x_wconf 90' lang='lat' dir='ltr'>ob</span> <span class='ocrx_word' id='word_1_230' title='bbox 245 2617 332 2690; x_wconf 88' lang='lat' dir='ltr'>haec,</span> <span class='ocrx_word' id='word_1_231' title='bbox 349 2627 495 2692; x_wconf 89' lang='lat' dir='ltr'>quantum</span> <span class='ocrx_word' id='word_1_232' title='bbox 509 2617 697 2688; x_wconf 83' lang='lat' dir='ltr'>auctoritate,</span> <span class='ocrx_word' id='word_1_233' title='bbox 714 2621 859 2690; x_wconf 87' lang='lat' dir='ltr'>quantum</span> <span class='ocrx_word' id='word_1_234' title='bbox 874 2612 1002 2674; x_wconf 88' lang='lat' dir='ltr'>consilio</span> <span class='ocrx_word' id='word_1_235' title='bbox 1017 2628 1057 2671; x_wconf 89' lang='lat' dir='ltr'>va</span> 
     </span>
     <span class='ocr_line' id='line_1_30' title="bbox 97 2698 702 2774; baseline 0 -18"><span class='ocrx_word' id='word_1_236' title='bbox 97 2698 179 2774; x_wconf 89' lang='lat' dir='ltr'>lebat,</span> <span class='ocrx_word' id='word_1_237' title='bbox 195 2701 341 2762; x_wconf 81' lang='lat' dir='ltr'>incitabat</span> <span class='ocrx_word' id='word_1_238' title='bbox 353 2702 510 2764; x_wconf 87' lang='lat' dir='ltr'>Romanos</span> <span class='ocrx_word' id='word_1_239' title='bbox 525 2701 566 2760; x_wconf 91' lang='lat' dir='ltr'>ad</span> <span class='ocrx_word' id='word_1_240' title='bbox 580 2701 702 2760; x_wconf 90' lang='lat' dir='ltr'>bellum.</span> 
     </span>
    </p>

    <p class='ocr_par' dir='ltr' id='par_1_4' title="bbox 97 2779 1072 3534">
     <span class='ocr_line' id='line_1_31' title="bbox 173 2779 1069 2862; baseline -0.004 -18"><span class='ocrx_word' id='word_1_241' title='bbox 173 2785 253 2844; x_wconf 84' lang='lat' dir='ltr'>XIV.</span> <span class='ocrx_word' id='word_1_242' title='bbox 277 2783 431 2862; x_wconf 87' lang='lat' dir='ltr'>Sulpicius</span> <span class='ocrx_word' id='word_1_243' title='bbox 446 2802 539 2862; x_wconf 79' lang='lat' dir='ltr'>aeger</span> <span class='ocrx_word' id='word_1_244' title='bbox 551 2784 690 2860; x_wconf 77' lang='lat' dir='ltr'>Pergami</span> <span class='ocrx_word' id='word_1_245' title='bbox 705 2782 852 2844; x_wconf 82' lang='lat' dir='ltr'>substitit:</span> <span class='ocrx_word' id='word_1_246' title='bbox 874 2779 985 2842; x_wconf 88' lang='lat' dir='ltr'>Villius</span> <span class='ocrx_word' id='word_1_247' title='bbox 1001 2795 1069 2840; x_wconf 93' lang='lat' dir='ltr'>cum</span> 
     </span>
     <span class='ocr_line' id='line_1_32' title="bbox 98 2865 1072 2946; baseline 0 -22"><span class='ocrx_word' id='word_1_248' title='bbox 98 2865 224 2928; x_wconf 89' lang='lat' dir='ltr'>Pisidiae</span> <span class='ocrx_word' id='word_1_249' title='bbox 238 2869 320 2931; x_wconf 89' lang='lat' dir='ltr'>bello</span> <span class='ocrx_word' id='word_1_250' title='bbox 336 2879 518 2946; x_wconf 88' lang='lat' dir='ltr'>occupatum</span> <span class='ocrx_word' id='word_1_251' title='bbox 533 2885 605 2930; x_wconf 88' lang='lat' dir='ltr'>esse</span> <span class='ocrx_word' id='word_1_252' title='bbox 618 2884 724 2944; x_wconf 80' lang='lat' dir='ltr'>regem</span> <span class='ocrx_word' id='word_1_253' title='bbox 738 2867 892 2940; x_wconf 87' lang='lat' dir='ltr'>audisset,</span> <span class='ocrx_word' id='word_1_254' title='bbox 913 2865 1072 2941; x_wconf 89' lang='lat' dir='ltr'>Ephesum</span> 
     </span>
     <span class='ocr_line' id='line_1_33' title="bbox 98 2951 1071 3030; baseline 0.001 -22"><span class='ocrx_word' id='word_1_255' title='bbox 98 2953 263 3026; x_wconf 84' lang='lat' dir='ltr'>profectus,</span> <span class='ocrx_word' id='word_1_256' title='bbox 285 2953 355 3014; x_wconf 92' lang='lat' dir='ltr'>dum</span> <span class='ocrx_word' id='word_1_257' title='bbox 378 2970 494 3030; x_wconf 88' lang='lat' dir='ltr'>paucos</span> <span class='ocrx_word' id='word_1_258' title='bbox 515 2953 557 3014; x_wconf 89' lang='lat' dir='ltr'>ibi</span> <span class='ocrx_word' id='word_1_259' title='bbox 577 2959 712 3014; x_wconf 88' lang='lat' dir='ltr'>moratur</span> <span class='ocrx_word' id='word_1_260' title='bbox 726 2952 809 3026; x_wconf 89' lang='lat' dir='ltr'>dies,</span> <span class='ocrx_word' id='word_1_261' title='bbox 832 2951 917 3012; x_wconf 87' lang='lat' dir='ltr'>dedit</span> <span class='ocrx_word' id='word_1_262' title='bbox 935 2952 1071 3026; x_wconf 86' lang='lat' dir='ltr'>operam,</span> 
     </span>
     <span class='ocr_line' id='line_1_34' title="bbox 97 3035 1068 3114; baseline -0.001 -21"><span class='ocrx_word' id='word_1_263' title='bbox 97 3041 127 3093; x_wconf 91' lang='lat' dir='ltr'>ut</span> <span class='ocrx_word' id='word_1_264' title='bbox 146 3050 213 3096; x_wconf 91' lang='lat' dir='ltr'>cum</span> <span class='ocrx_word' id='word_1_265' title='bbox 226 3035 411 3112; x_wconf 84' lang='lat' dir='ltr'>Hannibale,</span> <span class='ocrx_word' id='word_1_266' title='bbox 435 3038 565 3114; x_wconf 89' lang='lat' dir='ltr'>quitum</span> <span class='ocrx_word' id='word_1_267' title='bbox 579 3038 619 3096; x_wconf 87' lang='lat' dir='ltr'>ibi</span> <span class='ocrx_word' id='word_1_268' title='bbox 634 3039 713 3098; x_wconf 87' lang='lat' dir='ltr'>forte</span> <span class='ocrx_word' id='word_1_269' title='bbox 727 3043 806 3112; x_wconf 88' lang='lat' dir='ltr'>erat,</span> <span class='ocrx_word' id='word_1_270' title='bbox 832 3050 927 3110; x_wconf 88' lang='lat' dir='ltr'>saepe</span> <span class='ocrx_word' id='word_1_271' title='bbox 942 3048 1068 3114; x_wconf 75' lang='lat' dir='ltr'>cangre-</span> 
     </span>
     <span class='ocr_line' id='line_1_35' title="bbox 98 3115 1070 3204; baseline -0.001 -29"><span class='ocrx_word' id='word_1_272' title='bbox 98 3115 229 3195; x_wconf 89' lang='lat' dir='ltr'>deretur,</span> <span class='ocrx_word' id='word_1_273' title='bbox 248 3129 281 3182; x_wconf 88' lang='lat' dir='ltr'>ut</span> <span class='ocrx_word' id='word_1_274' title='bbox 294 3123 427 3183; x_wconf 89' lang='lat' dir='ltr'>animum</span> <span class='ocrx_word' id='word_1_275' title='bbox 441 3122 508 3182; x_wconf 91' lang='lat' dir='ltr'>eins</span> <span class='ocrx_word' id='word_1_276' title='bbox 524 3128 698 3204; x_wconf 84' lang='lat' dir='ltr'>temptaret,</span> <span class='ocrx_word' id='word_1_277' title='bbox 713 3127 744 3181; x_wconf 88' lang='lat' dir='ltr'>et</span> <span class='ocrx_word' id='word_1_278' title='bbox 757 3122 785 3182; x_wconf 93' lang='lat' dir='ltr'>si</span> <span class='ocrx_word' id='word_1_279' title='bbox 799 3137 862 3196; x_wconf 90' lang='lat' dir='ltr'>qua</span> <span class='ocrx_word' id='word_1_280' title='bbox 876 3125 993 3195; x_wconf 84' lang='lat' dir='ltr'>posset,</span> <span class='ocrx_word' id='word_1_281' title='bbox 1008 3131 1070 3175; x_wconf 91' lang='lat' dir='ltr'>me-</span> 
     </span>
     <span class='ocr_line' id='line_1_36' title="bbox 98 3199 1071 3282; baseline 0.001 -23"><span class='ocrx_word' id='word_1_282' title='bbox 98 3206 156 3260; x_wconf 86' lang='lat' dir='ltr'>tum</span> <span class='ocrx_word' id='word_1_283' title='bbox 176 3202 312 3266; x_wconf 90' lang='lat' dir='ltr'>demeret</span> <span class='ocrx_word' id='word_1_284' title='bbox 331 3206 459 3282; x_wconf 85' lang='lat' dir='ltr'>periculi</span> <span class='ocrx_word' id='word_1_285' title='bbox 480 3205 643 3282; x_wconf 89' lang='lat' dir='ltr'>quicquam</span> <span class='ocrx_word' id='word_1_286' title='bbox 665 3205 694 3266; x_wconf 92' lang='lat' dir='ltr'>ei</span> <span class='ocrx_word' id='word_1_287' title='bbox 708 3207 747 3265; x_wconf 89' lang='lat' dir='ltr'>ab</span> <span class='ocrx_word' id='word_1_288' title='bbox 760 3204 907 3266; x_wconf 86' lang='lat' dir='ltr'>Romanis</span> <span class='ocrx_word' id='word_1_289' title='bbox 921 3208 1003 3262; x_wconf 88' lang='lat' dir='ltr'>esse.</span> <span class='ocrx_word' id='word_1_290' title='bbox 1031 3199 1071 3260; x_wconf 91' lang='lat' dir='ltr'>iis</span> 
     </span>
     <span class='ocr_line' id='line_1_37' title="bbox 99 3285 1069 3366; baseline 0.001 -23"><span class='ocrx_word' id='word_1_291' title='bbox 99 3285 253 3360; x_wconf 86' lang='lat' dir='ltr'>colloquiis</span> <span class='ocrx_word' id='word_1_292' title='bbox 275 3291 358 3351; x_wconf 89' lang='lat' dir='ltr'>aliud</span> <span class='ocrx_word' id='word_1_293' title='bbox 378 3291 501 3366; x_wconf 90' lang='lat' dir='ltr'>quidem</span> <span class='ocrx_word' id='word_1_294' title='bbox 521 3298 622 3351; x_wconf 86' lang='lat' dir='ltr'>actum</span> <span class='ocrx_word' id='word_1_295' title='bbox 641 3289 714 3350; x_wconf 91' lang='lat' dir='ltr'>nihil</span> <span class='ocrx_word' id='word_1_296' title='bbox 734 3295 796 3350; x_wconf 84' lang='lat' dir='ltr'>est:</span> <span class='ocrx_word' id='word_1_297' title='bbox 816 3293 956 3348; x_wconf 89' lang='lat' dir='ltr'>secutum</span> <span class='ocrx_word' id='word_1_298' title='bbox 970 3292 1069 3344; x_wconf 89' lang='lat' dir='ltr'>tamen</span> 
     </span>
     <span class='ocr_line' id='line_1_38' title="bbox 99 3367 1070 3450; baseline 0 -24"><span class='ocrx_word' id='word_1_299' title='bbox 99 3383 151 3428; x_wconf 91' lang='lat' dir='ltr'>sua</span> <span class='ocrx_word' id='word_1_300' title='bbox 165 3380 275 3445; x_wconf 90' lang='lat' dir='ltr'>sponte</span> <span class='ocrx_word' id='word_1_301' title='bbox 296 3383 357 3450; x_wconf 89' lang='lat' dir='ltr'>est,</span> <span class='ocrx_word' id='word_1_302' title='bbox 379 3377 462 3436; x_wconf 88' lang='lat' dir='ltr'>velut</span> <span class='ocrx_word' id='word_1_303' title='bbox 477 3375 605 3444; x_wconf 65' lang='lat' dir='ltr'>canalia</span> <span class='ocrx_word' id='word_1_304' title='bbox 619 3374 744 3450; x_wconf 87' lang='lat' dir='ltr'>petitum</span> <span class='ocrx_word' id='word_1_305' title='bbox 759 3378 859 3444; x_wconf 85' lang='lat' dir='ltr'>esset,</span> <span class='ocrx_word' id='word_1_306' title='bbox 879 3378 912 3432; x_wconf 89' lang='lat' dir='ltr'>ut</span> <span class='ocrx_word' id='word_1_307' title='bbox 925 3367 1016 3428; x_wconf 88' lang='lat' dir='ltr'>vilior</span> <span class='ocrx_word' id='word_1_308' title='bbox 1031 3367 1070 3427; x_wconf 88' lang='lat' dir='ltr'>ob</span> 
     </span>
     <span class='ocr_line' id='line_1_39' title="bbox 98 3455 884 3534; baseline 0.003 -23"><span class='ocrx_word' id='word_1_309' title='bbox 98 3467 132 3512; x_wconf 88' lang='lat' dir='ltr'>ca</span> <span class='ocrx_word' id='word_1_310' title='bbox 144 3455 210 3530; x_wconf 80' lang='lat' dir='ltr'>regi</span> <span class='ocrx_word' id='word_1_311' title='bbox 222 3456 372 3519; x_wconf 88' lang='lat' dir='ltr'>Hannibal</span> <span class='ocrx_word' id='word_1_312' title='bbox 386 3467 417 3520; x_wconf 89' lang='lat' dir='ltr'>el</span> <span class='ocrx_word' id='word_1_313' title='bbox 430 3459 605 3534; x_wconf 88' lang='lat' dir='ltr'>suspectior</span> <span class='ocrx_word' id='word_1_314' title='bbox 620 3459 660 3518; x_wconf 89' lang='lat' dir='ltr'>ad</span> <span class='ocrx_word' id='word_1_315' title='bbox 674 3456 775 3519; x_wconf 86' lang='lat' dir='ltr'>omnia</span> <span class='ocrx_word' id='word_1_316' title='bbox 789 3456 884 3516; x_wconf 85' lang='lat' dir='ltr'>fieret.</span> 
     </span>
    </p>
   </div>
   <div class='ocr_carea' id='block_1_3' title="bbox 0 0 1244 3904">
    <p class='ocr_par' dir='ltr' id='par_1_5' title="bbox 0 0 1244 3904">
     <span class='ocr_line' id='line_1_40' title="bbox 0 0 1244 3904; baseline 0 0"><span class='ocrx_word' id='word_1_317' title='bbox 0 0 1244 3904; x_wconf 95' lang='lat' dir='ltr'> </span> 
     </span>
    </p>
   </div>
  </div>
 </body>
</html>
