<?xml version="1.0" encoding="UTF-8"?>
<!DOCTYPE html PUBLIC "-//W3C//DTD XHTML 1.0 Transitional//EN"
    "http://www.w3.org/TR/xhtml1/DTD/xhtml1-transitional.dtd">
<html xmlns="http://www.w3.org/1999/xhtml" xml:lang="en" lang="en">
 <head>
  <title>
</title>
<meta http-equiv="Content-Type" content="text/html;charset=utf-8" />
  <meta name='ocr-system' content='tesseract 3.04.00' />
  <meta name='ocr-capabilities' content='ocr_page ocr_carea ocr_par ocr_line ocrx_word'/>
</head>
<body>
  <div class='ocr_page' id='page_1' title='image "./titiliviaburbec08livygoog_0113.png"; bbox 0 0 2482 3902; ppageno 0'>
   <div class='ocr_carea' id='block_1_1' title="bbox 193 206 1013 284">
    <p class='ocr_par' dir='ltr' id='par_1_1' title="bbox 193 206 1013 284">
     <span class='ocr_line' id='line_1_1' title="bbox 193 206 1013 284; baseline -0.009 -11"><span class='ocrx_word' id='word_1_1' title='bbox 193 207 236 273; x_wconf 83' lang='lat' dir='ltr'><strong>sl</strong></span> <span class='ocrx_word' id='word_1_2' title='bbox 351 207 466 276; x_wconf 71' lang='lat' dir='ltr'><strong>ntulit</strong></span> <span class='ocrx_word' id='word_1_3' title='bbox 479 208 610 270; x_wconf 78' lang='lat' dir='ltr'><strong>llxxlll.</strong></span> <span class='ocrx_word' id='word_1_4' title='bbox 634 206 1013 284; x_wconf 76' lang='lat' dir='ltr'><strong>GAP.1.u.[a.ll.e.555]</strong></span> 
     </span>
    </p>
   </div>
   <div class='ocr_carea' id='block_1_2' title="bbox 243 360 1155 1120">
    <p class='ocr_par' dir='ltr' id='par_1_2' title="bbox 243 360 1155 1120">
     <span class='ocr_line' id='line_1_2' title="bbox 243 360 1154 428; baseline -0.008 -9"><span class='ocrx_word' id='word_1_5' title='bbox 243 365 362 425; x_wconf 73' lang='lat' dir='ltr'><strong>nolumus,</strong></span> <span class='ocrx_word' id='word_1_6' title='bbox 379 363 456 417; x_wconf 68' lang='lat' dir='ltr'><strong>luter</strong></span> <span class='ocrx_word' id='word_1_7' title='bbox 471 361 641 428; x_wconf 79' lang='lat' dir='ltr'><strong>proeonsulls,</strong></span> <span class='ocrx_word' id='word_1_8' title='bbox 652 361 799 418; x_wconf 70' lang='lat' dir='ltr'><strong>boemanos</strong></span> <span class='ocrx_word' id='word_1_9' title='bbox 809 360 1006 421; x_wconf 60' lang='lat' dir='ltr'><strong>inundantis,</strong></span> <span class='ocrx_word' id='word_1_10' title='bbox 1024 376 1084 424; x_wconf 82' lang='lat' dir='ltr'><strong>quae</strong></span> <span class='ocrx_word' id='word_1_11' title='bbox 1092 371 1154 428; x_wconf 80' lang='lat' dir='ltr'><strong>eaput</strong></span> 
     </span>
     <span class='ocr_line' id='line_1_3' title="bbox 245 429 1154 548; baseline -0.007 -62"><span class='ocrx_word' id='word_1_12' title='bbox 245 442 283 493; x_wconf 74' lang='lat' dir='ltr'><strong>est</strong></span> <span class='ocrx_word' id='word_1_13' title='bbox 299 436 474 491; x_wconf 65' lang='lat' dir='ltr'><strong>manum,</strong></span> <span class='ocrx_word' id='word_1_14' title='bbox 493 439 639 511; x_wconf 78' lang='lat' dir='ltr'><strong>expugnata</strong></span> <span class='ocrx_word' id='word_1_15' title='bbox 655 431 682 480; x_wconf 89' lang='lat' dir='ltr'><strong>ln</strong></span> <span class='ocrx_word' id='word_1_16' title='bbox 701 430 857 485; x_wconf 85' lang='lat' dir='ltr'><strong>deditionem</strong></span> <span class='ocrx_word' id='word_1_17' title='bbox 875 429 980 548; x_wconf 48' lang='lat' dir='ltr'><strong>autaut.</strong></span> <span class='ocrx_word' id='word_1_18' title='bbox 1012 445 1061 498; x_wconf 79' lang='lat' dir='ltr'><strong>pax</strong></span> <span class='ocrx_word' id='word_1_19' title='bbox 1076 431 1154 498; x_wconf 83' lang='lat' dir='ltr'><strong>petenti</strong></span> 
     </span>
     <span class='ocr_line' id='line_1_4' title="bbox 244 499 1154 567; baseline -0.004 -15"><span class='ocrx_word' id='word_1_20' title='bbox 244 501 370 567; x_wconf 86' lang='lat' dir='ltr'><strong>Philippo,</strong></span> <span class='ocrx_word' id='word_1_21' title='bbox 382 499 502 550; x_wconf 77' lang='lat' dir='ltr'><strong>Graeciae</strong></span> <span class='ocrx_word' id='word_1_22' title='bbox 519 499 622 552; x_wconf 81' lang='lat' dir='ltr'><strong>libertas</strong></span> <span class='ocrx_word' id='word_1_23' title='bbox 637 499 695 550; x_wconf 84' lang='lat' dir='ltr'><strong>datu</strong></span> <span class='ocrx_word' id='word_1_24' title='bbox 710 506 756 555; x_wconf 82' lang='lat' dir='ltr'><strong>est.</strong></span> <span class='ocrx_word' id='word_1_25' title='bbox 785 499 912 550; x_wconf 83' lang='lat' dir='ltr'><strong>Attalusu</strong></span> <span class='ocrx_word' id='word_1_26' title='bbox 963 499 1016 550; x_wconf 84' lang='lat' dir='ltr'><strong>obis</strong></span> <span class='ocrx_word' id='word_1_27' title='bbox 1025 499 1054 552; x_wconf 90' lang='lat' dir='ltr'><strong>ob</strong></span> <span class='ocrx_word' id='word_1_28' title='bbox 1063 500 1154 552; x_wconf 85' lang='lat' dir='ltr'><strong>subitan</strong></span> 
     </span>
     <span class='ocr_line' id='line_1_5' title="bbox 243 565 1154 636; baseline -0.003 -15"><span class='ocrx_word' id='word_1_29' title='bbox 243 569 414 632; x_wconf 76' lang='lat' dir='ltr'><strong>valetudinem</strong></span> <span class='ocrx_word' id='word_1_30' title='bbox 431 569 582 636; x_wconf 76' lang='lat' dir='ltr'><strong>Pergamum</strong></span> <span class='ocrx_word' id='word_1_31' title='bbox 598 566 735 619; x_wconf 85' lang='lat' dir='ltr'><strong>translatus</strong></span> <span class='ocrx_word' id='word_1_32' title='bbox 754 567 873 618; x_wconf 84' lang='lat' dir='ltr'><strong>deoeaait.</strong></span> <span class='ocrx_word' id='word_1_33' title='bbox 902 565 930 620; x_wconf 81' lang='grc'><strong>0.</strong></span> <span class='ocrx_word' id='word_1_34' title='bbox 945 565 1101 634; x_wconf 80' lang='lat' dir='ltr'>Sempronius</span> <span class='ocrx_word' id='word_1_35' title='bbox 1116 568 1154 618; x_wconf 85' lang='lat' dir='ltr'><strong>Tu-</strong></span> 
     </span>
     <span class='ocr_line' id='line_1_6' title="bbox 246 635 1154 690; baseline -0.004 0"><span class='ocrx_word' id='word_1_36' title='bbox 246 639 347 690; x_wconf 83' lang='lat' dir='ltr'><strong>ditanus</strong></span> <span class='ocrx_word' id='word_1_37' title='bbox 364 653 380 688; x_wconf 83' lang='lat' dir='ltr'><strong>a</strong></span> <span class='ocrx_word' id='word_1_38' title='bbox 397 637 526 690; x_wconf 78' lang='lat' dir='ltr'><strong>Celtiberis</strong></span> <span class='ocrx_word' id='word_1_39' title='bbox 542 653 600 688; x_wconf 92' lang='lat' dir='ltr'><strong>oum</strong></span> <span class='ocrx_word' id='word_1_40' title='bbox 618 638 729 688; x_wconf 77' lang='lat' dir='ltr'><strong>exemitu</strong></span> <span class='ocrx_word' id='word_1_41' title='bbox 746 651 838 687; x_wconf 79' lang='lat' dir='ltr'><strong>oeosuo</strong></span> <span class='ocrx_word' id='word_1_42' title='bbox 855 643 901 687; x_wconf 84' lang='lat' dir='ltr'><strong>eal.</strong></span> <span class='ocrx_word' id='word_1_43' title='bbox 920 637 952 688; x_wconf 88' lang='lat' dir='ltr'><strong>L.</strong></span> <span class='ocrx_word' id='word_1_44' title='bbox 962 637 1050 688; x_wconf 76' lang='lat' dir='ltr'><strong>Furius</strong></span> <span class='ocrx_word' id='word_1_45' title='bbox 1063 635 1154 688; x_wconf 71' lang='lat' dir='ltr'><strong>ethan</strong></span> 
     </span>
     <span class='ocr_line' id='line_1_7' title="bbox 246 705 1153 772; baseline 0 -14"><span class='ocrx_word' id='word_1_46' title='bbox 246 707 304 758; x_wconf 87' lang='lat' dir='ltr'><strong>diua</strong></span> <span class='ocrx_word' id='word_1_47' title='bbox 324 706 459 759; x_wconf 77' lang='lat' dir='ltr'><strong>Mamellus</strong></span> <span class='ocrx_word' id='word_1_48' title='bbox 482 707 597 760; x_wconf 77' lang='lat' dir='ltr'><strong>numidas</strong></span> <span class='ocrx_word' id='word_1_49' title='bbox 618 705 696 758; x_wconf 81' lang='lat' dir='ltr'><strong>Baius</strong></span> <span class='ocrx_word' id='word_1_50' title='bbox 719 712 744 758; x_wconf 83' lang='lat' dir='ltr'><strong>et</strong></span> <span class='ocrx_word' id='word_1_51' title='bbox 761 705 880 760; x_wconf 75' lang='lat' dir='ltr'><strong>Insubres</strong></span> <span class='ocrx_word' id='word_1_52' title='bbox 901 706 989 761; x_wconf 75' lang='lat' dir='ltr'><strong>uuus</strong></span> <span class='ocrx_word' id='word_1_53' title='bbox 1012 707 1153 772; x_wconf 70' lang='lat' dir='ltr'><strong>subegerunt.</strong></span> 
     </span>
     <span class='ocr_line' id='line_1_8' title="bbox 245 773 1155 840; baseline -0.003 -14"><span class='ocrx_word' id='word_1_54' title='bbox 245 777 379 836; x_wconf 82' lang='lat' dir='ltr'><strong>Mamellus</strong></span> <span class='ocrx_word' id='word_1_55' title='bbox 395 774 569 840; x_wconf 80' lang='lat' dir='ltr'><strong>triumphavit.</strong></span> <span class='ocrx_word' id='word_1_56' title='bbox 595 774 720 834; x_wconf 71' lang='lat' dir='ltr'><strong>Hannibal</strong></span> <span class='ocrx_word' id='word_1_57' title='bbox 736 773 830 828; x_wconf 69' lang='lat' dir='ltr'><strong>huus</strong></span> <span class='ocrx_word' id='word_1_58' title='bbox 846 777 873 831; x_wconf 81' lang='lat' dir='ltr'><strong>itt</strong></span> <span class='ocrx_word' id='word_1_59' title='bbox 891 775 980 833; x_wconf 71' lang='lat' dir='ltr'><strong>atum</strong></span> <span class='ocrx_word' id='word_1_60' title='bbox 995 775 1085 834; x_wconf 73' lang='lat' dir='ltr'><strong>belum</strong></span> <span class='ocrx_word' id='word_1_61' title='bbox 1097 775 1155 826; x_wconf 82' lang='lat' dir='ltr'><strong>uteli-</strong></span> 
     </span>
     <span class='ocr_line' id='line_1_9' title="bbox 244 842 1155 964; baseline 0 -70"><span class='ocrx_word' id='word_1_62' title='bbox 244 853 295 906; x_wconf 78' lang='lat' dir='ltr'><strong>tne,</strong></span> <span class='ocrx_word' id='word_1_63' title='bbox 312 853 337 896; x_wconf 91' lang='lat' dir='ltr'><strong>et</strong></span> <span class='ocrx_word' id='word_1_64' title='bbox 355 846 387 902; x_wconf 87' lang='lat' dir='ltr'><strong>ob</strong></span> <span class='ocrx_word' id='word_1_65' title='bbox 402 845 452 900; x_wconf 88' lang='lat' dir='ltr'><strong>hoo</strong></span> <span class='ocrx_word' id='word_1_66' title='bbox 469 845 590 904; x_wconf 75' lang='lat' dir='ltr'><strong>Romanis</strong></span> <span class='ocrx_word' id='word_1_67' title='bbox 605 859 652 918; x_wconf 79' lang='lat' dir='ltr'><strong>per</strong></span> <span class='ocrx_word' id='word_1_68' title='bbox 669 842 791 908; x_wconf 75' lang='lat' dir='ltr'><strong>epistttiaa</strong></span> <span class='ocrx_word' id='word_1_69' title='bbox 808 844 933 902; x_wconf 70' lang='lat' dir='ltr'><strong>adeamne</strong></span> <span class='ocrx_word' id='word_1_70' title='bbox 951 843 1065 896; x_wconf 73' lang='lat' dir='ltr'><strong>factionis</strong></span> <span class='ocrx_word' id='word_1_71' title='bbox 1078 845 1155 964; x_wconf 55' lang='lat' dir='ltr'><strong>gnud-</strong></span> 
     </span>
     <span class='ocr_line' id='line_1_10' title="bbox 245 911 1154 984; baseline 0 -22"><span class='ocrx_word' id='word_1_72' title='bbox 245 928 308 978; x_wconf 85' lang='lat' dir='ltr'><strong>pum</strong></span> <span class='ocrx_word' id='word_1_73' title='bbox 326 913 439 974; x_wconf 81' lang='lat' dir='ltr'><strong>deletus,</strong></span> <span class='ocrx_word' id='word_1_74' title='bbox 457 921 562 979; x_wconf 84' lang='lat' dir='ltr'><strong>propter</strong></span> <span class='ocrx_word' id='word_1_75' title='bbox 578 921 673 968; x_wconf 86' lang='lat' dir='ltr'><strong>metum</strong></span> <span class='ocrx_word' id='word_1_76' title='bbox 690 911 870 980; x_wconf 81' lang='lat' dir='ltr'><strong>Romanorum,</strong></span> <span class='ocrx_word' id='word_1_77' title='bbox 888 913 932 978; x_wconf 88' lang='lat' dir='ltr'><strong>qui</strong></span> <span class='ocrx_word' id='word_1_78' title='bbox 948 913 1077 984; x_wconf 67' lang='lat' dir='ltr'><strong>legatosa</strong></span> <span class='ocrx_word' id='word_1_79' title='bbox 1109 911 1154 962; x_wconf 82' lang='lat' dir='ltr'><strong>Otr·</strong></span> 
     </span>
     <span class='ocr_line' id='line_1_11' title="bbox 245 981 1155 1048; baseline 0.004 -18"><span class='ocrx_word' id='word_1_80' title='bbox 245 981 441 1047; x_wconf 79' lang='lat' dir='ltr'><strong>thaginlensium</strong></span> <span class='ocrx_word' id='word_1_81' title='bbox 459 989 575 1033; x_wconf 83' lang='lat' dir='ltr'><strong>senatum</strong></span> <span class='ocrx_word' id='word_1_82' title='bbox 593 981 625 1033; x_wconf 84' lang='lat' dir='ltr'><strong>de</strong></span> <span class='ocrx_word' id='word_1_83' title='bbox 643 997 672 1034; x_wconf 84' lang='lat' dir='ltr'><strong>eo</strong></span> <span class='ocrx_word' id='word_1_84' title='bbox 691 981 820 1046; x_wconf 79' lang='lat' dir='ltr'><strong>miseruut,</strong></span> <span class='ocrx_word' id='word_1_85' title='bbox 838 981 965 1048; x_wconf 67' lang='lat' dir='ltr'><strong>prodigus</strong></span> <span class='ocrx_word' id='word_1_86' title='bbox 983 981 1155 1034; x_wconf 82' lang='lat' dir='ltr'><strong>ad·Autloehuu</strong></span> 
     </span>
     <span class='ocr_line' id='line_1_12' title="bbox 245 1049 1124 1120; baseline 0.002 -22"><span class='ocrx_word' id='word_1_87' title='bbox 245 1065 332 1116; x_wconf 72' lang='lat' dir='ltr'><strong>regem</strong></span> <span class='ocrx_word' id='word_1_88' title='bbox 350 1049 437 1120; x_wconf 66' lang='lat' dir='ltr'><strong>Syriae</strong></span> <span class='ocrx_word' id='word_1_89' title='bbox 455 1065 483 1100; x_wconf 87' lang='lat' dir='ltr'><strong>se</strong></span> <span class='ocrx_word' id='word_1_90' title='bbox 501 1051 613 1112; x_wconf 78' lang='lat' dir='ltr'><strong>eontulit,</strong></span> <span class='ocrx_word' id='word_1_91' title='bbox 632 1049 727 1101; x_wconf 82' lang='lat' dir='ltr'><strong>bellum</strong></span> <span class='ocrx_word' id='word_1_92' title='bbox 745 1059 831 1102; x_wconf 76' lang='lat' dir='ltr'><strong>noune</strong></span> <span class='ocrx_word' id='word_1_93' title='bbox 848 1049 979 1103; x_wconf 70' lang='lat' dir='ltr'><strong>nmmos</strong></span> <span class='ocrx_word' id='word_1_94' title='bbox 997 1059 1124 1119; x_wconf 71' lang='lat' dir='ltr'><strong>partuum.</strong></span> 
     </span>
    </p>
   </div>
   <div class='ocr_carea' id='block_1_3' title="bbox 163 1179 1156 3280">
    <p class='ocr_par' dir='ltr' id='par_1_3' title="bbox 163 1179 1156 3280">
     <span class='ocr_line' id='line_1_13' title="bbox 277 1179 1151 1258; baseline 0.002 -18"><span class='ocrx_word' id='word_1_95' title='bbox 277 1181 299 1240; x_wconf 93' lang='lat' dir='ltr'><strong>l.</strong></span> <span class='ocrx_word' id='word_1_96' title='bbox 326 1181 411 1246; x_wconf 83' lang='lat' dir='ltr'><strong>Haeo</strong></span> <span class='ocrx_word' id='word_1_97' title='bbox 426 1197 481 1256; x_wconf 87' lang='lat' dir='ltr'><strong>per</strong></span> <span class='ocrx_word' id='word_1_98' title='bbox 495 1182 624 1249; x_wconf 83' lang='lat' dir='ltr'><strong>ltietnern</strong></span> <span class='ocrx_word' id='word_1_99' title='bbox 639 1190 736 1258; x_wconf 81' lang='lat' dir='ltr'><strong>gesta.</strong></span> <span class='ocrx_word' id='word_1_100' title='bbox 770 1183 853 1244; x_wconf 89' lang='lat' dir='ltr'><strong>initio</strong></span> <span class='ocrx_word' id='word_1_101' title='bbox 869 1188 973 1250; x_wconf 62' lang='lat' dir='ltr'><strong>ulem</strong></span> <span class='ocrx_word' id='word_1_102' title='bbox 986 1181 1066 1246; x_wconf 87' lang='lat' dir='ltr'><strong>veris</strong></span> <span class='ocrx_word' id='word_1_103' title='bbox 1080 1179 1151 1258; x_wconf 78' lang='lat' dir='ltr'><strong>Quin·</strong></span> 
     </span>
     <span class='ocr_line' id='line_1_14' title="bbox 194 1263 1154 1342; baseline 0 -17"><span class='ocrx_word' id='word_1_104' title='bbox 194 1263 274 1334; x_wconf 81' lang='lat' dir='ltr'><strong>etius</strong></span> <span class='ocrx_word' id='word_1_105' title='bbox 292 1265 395 1334; x_wconf 76' lang='lat' dir='ltr'><strong>Attalo</strong></span> <span class='ocrx_word' id='word_1_106' title='bbox 416 1263 544 1328; x_wconf 78' lang='lat' dir='ltr'><strong>Elatiam</strong></span> <span class='ocrx_word' id='word_1_107' title='bbox 566 1267 669 1332; x_wconf 84' lang='lat' dir='ltr'><strong>exaltu</strong></span> <span class='ocrx_word' id='word_1_108' title='bbox 681 1267 868 1332; x_wconf 71' lang='lat' dir='ltr'>Boeotorum</span> <span class='ocrx_word' id='word_1_109' title='bbox 888 1273 1027 1342; x_wconf 75' lang='lat' dir='ltr'><strong>gentem,</strong></span> <span class='ocrx_word' id='word_1_110' title='bbox 1051 1267 1154 1328; x_wconf 80' lang='lat' dir='ltr'><strong>intortis</strong></span> 
     </span>
     <span class='ocr_line' id='line_1_15' title="bbox 194 1349 1154 1426; baseline 0.002 -18"><span class='ocrx_word' id='word_1_111' title='bbox 194 1349 316 1421; x_wconf 81' lang='lat' dir='ltr'><strong>adeam</strong></span> <span class='ocrx_word' id='word_1_112' title='bbox 330 1349 411 1417; x_wconf 82' lang='lat' dir='ltr'><strong>diem</strong></span> <span class='ocrx_word' id='word_1_113' title='bbox 425 1349 534 1413; x_wconf 76' lang='lat' dir='ltr'><strong>aulatis</strong></span> <span class='ocrx_word' id='word_1_114' title='bbox 548 1349 754 1426; x_wconf 73' lang='lat' dir='ltr'><strong>fluctuantem,</strong></span> <span class='ocrx_word' id='word_1_115' title='bbox 770 1349 900 1414; x_wconf 86' lang='lat' dir='ltr'><strong>dicionis</strong></span> <span class='ocrx_word' id='word_1_116' title='bbox 915 1367 994 1414; x_wconf 87' lang='lat' dir='ltr'><strong>suae</strong></span> <span class='ocrx_word' id='word_1_117' title='bbox 1008 1352 1102 1415; x_wconf 80' lang='lat' dir='ltr'><strong>faeere</strong></span> <span class='ocrx_word' id='word_1_118' title='bbox 1115 1366 1154 1410; x_wconf 86' lang='lat' dir='ltr'><strong>ou·</strong></span> 
     </span>
     <span class='ocr_line' id='line_1_16' title="bbox 192 1431 1153 1514; baseline 0 -22"><span class='ocrx_word' id='word_1_119' title='bbox 192 1431 296 1507; x_wconf 87' lang='lat' dir='ltr'><strong>piens,</strong></span> <span class='ocrx_word' id='word_1_120' title='bbox 320 1432 477 1512; x_wconf 84' lang='lat' dir='ltr'><strong>proiectus</strong></span> <span class='ocrx_word' id='word_1_121' title='bbox 498 1447 554 1508; x_wconf 87' lang='lat' dir='ltr'><strong>per</strong></span> <span class='ocrx_word' id='word_1_122' title='bbox 567 1433 731 1500; x_wconf 81' lang='lat' dir='ltr'><strong>Phocidem</strong></span> <span class='ocrx_word' id='word_1_123' title='bbox 754 1435 890 1514; x_wconf 83' lang='lat' dir='ltr'><strong>quinqua</strong></span> <span class='ocrx_word' id='word_1_124' title='bbox 904 1435 991 1499; x_wconf 84' lang='lat' dir='ltr'><strong>milia</strong></span> <span class='ocrx_word' id='word_1_125' title='bbox 1002 1435 1040 1497; x_wconf 86' lang='lat' dir='ltr'><strong>ab</strong></span> <span class='ocrx_word' id='word_1_126' title='bbox 1053 1434 1153 1506; x_wconf 83' lang='lat' dir='ltr'><strong>Thebis,</strong></span> 
     </span>
     <span class='ocr_line' id='line_1_17' title="bbox 194 1514 1155 1598; baseline 0.002 -24"><span class='ocrx_word' id='word_1_127' title='bbox 194 1514 282 1590; x_wconf 87' lang='lat' dir='ltr'><strong>quod.</strong></span> <span class='ocrx_word' id='word_1_128' title='bbox 293 1521 385 1594; x_wconf 78' lang='lat' dir='ltr'><strong>eaput</strong></span> <span class='ocrx_word' id='word_1_129' title='bbox 399 1522 446 1575; x_wconf 84' lang='lat' dir='ltr'><strong>est</strong></span> <span class='ocrx_word' id='word_1_130' title='bbox 459 1515 620 1591; x_wconf 76' lang='lat' dir='ltr'><strong>Boeotiae,</strong></span> <span class='ocrx_word' id='word_1_131' title='bbox 642 1519 747 1592; x_wconf 84' lang='lat' dir='ltr'><strong>posuit</strong></span> <span class='ocrx_word' id='word_1_132' title='bbox 761 1525 870 1580; x_wconf 76' lang='lat' dir='ltr'><strong>castra</strong></span> <span class='ocrx_word' id='word_1_133' title='bbox 899 1519 974 1586; x_wconf 88' lang='lat' dir='ltr'><strong>inde</strong></span> <span class='ocrx_word' id='word_1_134' title='bbox 987 1528 1104 1598; x_wconf 85' lang='lat' dir='ltr'><strong>postero</strong></span> <span class='ocrx_word' id='word_1_135' title='bbox 1118 1517 1155 1578; x_wconf 85' lang='lat' dir='ltr'><strong>die</strong></span> 
     </span>
     <span class='ocr_line' id='line_1_18' title="bbox 193 1597 1154 1680; baseline 0.011 -24"><span class='ocrx_word' id='word_1_136' title='bbox 193 1613 262 1662; x_wconf 90' lang='lat' dir='ltr'><strong>oum</strong></span> <span class='ocrx_word' id='word_1_137' title='bbox 275 1597 365 1666; x_wconf 88' lang='lat' dir='ltr'><strong>unius</strong></span> <span class='ocrx_word' id='word_1_138' title='bbox 381 1598 461 1674; x_wconf 84' lang='lat' dir='ltr'><strong>signi</strong></span> <span class='ocrx_word' id='word_1_139' title='bbox 475 1599 617 1662; x_wconf 86' lang='lat' dir='ltr'><strong>militibus</strong></span> <span class='ocrx_word' id='word_1_140' title='bbox 633 1607 665 1661; x_wconf 89' lang='lat' dir='ltr'><strong>et</strong></span> <span class='ocrx_word' id='word_1_141' title='bbox 676 1602 779 1666; x_wconf 84' lang='lat' dir='ltr'><strong>Attalo</strong></span> <span class='ocrx_word' id='word_1_142' title='bbox 793 1602 1070 1680; x_wconf 73' lang='lat' dir='ltr'><strong>legationibusque,</strong></span> <span class='ocrx_word' id='word_1_143' title='bbox 1091 1615 1154 1680; x_wconf 80' lang='lat' dir='ltr'><strong>quae</strong></span> 
     </span>
     <span class='ocr_line' id='line_1_19' title="bbox 193 1681 1154 1774; baseline 0.018 -35"><span class='ocrx_word' id='word_1_144' title='bbox 193 1681 369 1774; x_wconf 80' lang='lat' dir='ltr'><strong>trequentes</strong></span> <span class='ocrx_word' id='word_1_145' title='bbox 394 1681 533 1756; x_wconf 80' lang='lat' dir='ltr'><strong>undique</strong></span> <span class='ocrx_word' id='word_1_146' title='bbox 558 1692 778 1760; x_wconf 80' lang='lat' dir='ltr'><strong>convenerant,</strong></span> <span class='ocrx_word' id='word_1_147' title='bbox 805 1688 906 1763; x_wconf 78' lang='lat' dir='ltr'><strong>pergit</strong></span> <span class='ocrx_word' id='word_1_148' title='bbox 930 1688 976 1752; x_wconf 88' lang='lat' dir='ltr'><strong>ire</strong></span> <span class='ocrx_word' id='word_1_149' title='bbox 996 1689 1035 1756; x_wconf 83' lang='lat' dir='ltr'><strong>ad</strong></span> <span class='ocrx_word' id='word_1_150' title='bbox 1058 1685 1154 1756; x_wconf 79' lang='lat' dir='ltr'><strong>urben</strong></span> 
     </span>
     <span class='ocr_line' id='line_1_20' title="bbox 192 1763 1156 1840; baseline 0.015 -18"><span class='ocrx_word' id='word_1_151' title='bbox 192 1763 287 1822; x_wconf 80' lang='lat' dir='ltr'><strong>iussus</strong></span> <span class='ocrx_word' id='word_1_152' title='bbox 308 1763 441 1838; x_wconf 69' lang='lat' dir='ltr'><strong>legionis,</strong></span> <span class='ocrx_word' id='word_1_153' title='bbox 457 1764 642 1830; x_wconf 77' lang='lat' dir='ltr'><strong>hastatis—</strong></span> <span class='ocrx_word' id='word_1_154' title='bbox 655 1784 693 1834; x_wconf 86' lang='lat' dir='ltr'><strong>ea</strong></span> <span class='ocrx_word' id='word_1_155' title='bbox 707 1770 768 1830; x_wconf 90' lang='lat' dir='ltr'><strong>duo</strong></span> <span class='ocrx_word' id='word_1_156' title='bbox 789 1771 872 1838; x_wconf 87' lang='lat' dir='ltr'><strong>milia</strong></span> <span class='ocrx_word' id='word_1_157' title='bbox 891 1772 1020 1840; x_wconf 88' lang='lat' dir='ltr'><strong>militum</strong></span> <span class='ocrx_word' id='word_1_158' title='bbox 1040 1777 1156 1835; x_wconf 76' lang='lat' dir='ltr'><strong>uant-</strong></span> 
     </span>
     <span class='ocr_line' id='line_1_21' title="bbox 193 1846 1155 1923; baseline 0.01 -18"><span class='ocrx_word' id='word_1_159' title='bbox 193 1846 282 1922; x_wconf 84' lang='lat' dir='ltr'><strong>sequi</strong></span> <span class='ocrx_word' id='word_1_160' title='bbox 303 1851 339 1906; x_wconf 81' lang='lat' dir='ltr'><strong>te</strong></span> <span class='ocrx_word' id='word_1_161' title='bbox 358 1847 440 1908; x_wconf 89' lang='lat' dir='ltr'><strong>mille</strong></span> <span class='ocrx_word' id='word_1_162' title='bbox 461 1865 610 1923; x_wconf 66' lang='lat' dir='ltr'><strong>passurum</strong></span> <span class='ocrx_word' id='word_1_163' title='bbox 631 1853 789 1916; x_wconf 87' lang='lat' dir='ltr'><strong>intervallo</strong></span> <span class='ocrx_word' id='word_1_164' title='bbox 806 1855 957 1920; x_wconf 83' lang='lat' dir='ltr'><strong>distantis.</strong></span> <span class='ocrx_word' id='word_1_165' title='bbox 992 1857 1031 1922; x_wconf 87' lang='lat' dir='ltr'><strong>ed</strong></span> <span class='ocrx_word' id='word_1_166' title='bbox 1044 1855 1155 1916; x_wconf 82' lang='lat' dir='ltr'><strong>medium</strong></span> 
     </span>
     <span class='ocr_line' id='line_1_22' title="bbox 193 1928 1154 2014; baseline 0.018 -26"><span class='ocrx_word' id='word_1_167' title='bbox 193 1928 287 1994; x_wconf 82' lang='lat' dir='ltr'><strong>terme</strong></span> <span class='ocrx_word' id='word_1_168' title='bbox 311 1930 383 1994; x_wconf 82' lang='lat' dir='ltr'><strong>viae</strong></span> <span class='ocrx_word' id='word_1_169' title='bbox 405 1930 591 1999; x_wconf 75' lang='lat' dir='ltr'><strong>Boeotorum</strong></span> <span class='ocrx_word' id='word_1_170' title='bbox 618 1945 743 2012; x_wconf 87' lang='lat' dir='ltr'><strong>praetor</strong></span> <span class='ocrx_word' id='word_1_171' title='bbox 765 1939 940 2014; x_wconf 84' lang='lat' dir='ltr'><strong>Antiphilus</strong></span> <span class='ocrx_word' id='word_1_172' title='bbox 969 1941 1076 2002; x_wconf 91' lang='lat' dir='ltr'><strong>obvius</strong></span> <span class='ocrx_word' id='word_1_173' title='bbox 1098 1937 1154 2004; x_wconf 68' lang='lat' dir='ltr'><strong>lulli</strong></span> 
     </span>
     <span class='ocr_line' id='line_1_23' title="bbox 193 2015 1155 2108; baseline 0.018 -36"><span class='ocrx_word' id='word_1_174' title='bbox 193 2018 295 2108; x_wconf 65' lang='lat' dir='ltr'><strong>emera</strong></span> <span class='ocrx_word' id='word_1_175' title='bbox 315 2015 475 2084; x_wconf 86' lang='lat' dir='ltr'><strong>multitudo</strong></span> <span class='ocrx_word' id='word_1_176' title='bbox 496 2033 514 2076; x_wconf 89' lang='lat' dir='ltr'><strong>e</strong></span> <span class='ocrx_word' id='word_1_177' title='bbox 534 2019 629 2083; x_wconf 83' lang='lat' dir='ltr'><strong>muris</strong></span> <span class='ocrx_word' id='word_1_178' title='bbox 650 2021 814 2086; x_wconf 86' lang='lat' dir='ltr'><strong>adventum</strong></span> <span class='ocrx_word' id='word_1_179' title='bbox 833 2023 1026 2100; x_wconf 79' lang='lat' dir='ltr'><strong>imperatoris</strong></span> <span class='ocrx_word' id='word_1_180' title='bbox 1047 2020 1155 2088; x_wconf 76' lang='lat' dir='ltr'><strong>Romam</strong></span> 
     </span>
     <span class='ocr_line' id='line_1_24' title="bbox 193 2101 1155 2190; baseline 0.008 -35"><span class='ocrx_word' id='word_1_181' title='bbox 193 2107 339 2190; x_wconf 74' lang='lat' dir='ltr'><strong>regisque</strong></span> <span class='ocrx_word' id='word_1_182' title='bbox 361 2101 647 2178; x_wconf 81' lang='lat' dir='ltr'><strong>prospeculabatur.</strong></span> <span class='ocrx_word' id='word_1_183' title='bbox 681 2121 755 2169; x_wconf 86' lang='lat' dir='ltr'><strong>rara</strong></span> <span class='ocrx_word' id='word_1_184' title='bbox 777 2123 861 2170; x_wconf 73' lang='lat' dir='ltr'><strong>uma</strong></span> <span class='ocrx_word' id='word_1_185' title='bbox 885 2111 1041 2186; x_wconf 83' lang='lat' dir='ltr'><strong>paucique</strong></span> <span class='ocrx_word' id='word_1_186' title='bbox 1064 2107 1155 2172; x_wconf 86' lang='lat' dir='ltr'><strong>milltes</strong></span> 
     </span>
     <span class='ocr_line' id='line_1_25' title="bbox 192 2185 1155 2277; baseline 0.013 -39"><span class='ocrx_word' id='word_1_187' title='bbox 192 2193 276 2246; x_wconf 79' lang='lat' dir='ltr'><strong>ouon</strong></span> <span class='ocrx_word' id='word_1_188' title='bbox 299 2196 361 2277; x_wconf 58' lang='lat' dir='ltr'><strong>eus,</strong></span> <span class='ocrx_word' id='word_1_189' title='bbox 382 2185 589 2258; x_wconf 86' lang='lat' dir='ltr'><strong>apparebant;</strong></span> <span class='ocrx_word' id='word_1_190' title='bbox 623 2187 761 2258; x_wconf 81' lang='lat' dir='ltr'><strong>hastatos</strong></span> <span class='ocrx_word' id='word_1_191' title='bbox 786 2199 952 2268; x_wconf 77' lang='lat' dir='ltr'><strong>sequentes</strong></span> <span class='ocrx_word' id='word_1_192' title='bbox 979 2195 1084 2272; x_wconf 86' lang='lat' dir='ltr'><strong>prooul</strong></span> <span class='ocrx_word' id='word_1_193' title='bbox 1105 2205 1155 2251; x_wconf 86' lang='lat' dir='ltr'><strong>au·</strong></span> 
     </span>
     <span class='ocr_line' id='line_1_26' title="bbox 191 2262 1155 2360; baseline 0.017 -36"><span class='ocrx_word' id='word_1_194' title='bbox 191 2262 306 2328; x_wconf 75' lang='lat' dir='ltr'><strong>hattus</strong></span> <span class='ocrx_word' id='word_1_195' title='bbox 315 2280 439 2360; x_wconf 32' lang='lat' dir='ltr'><strong>&#39;illarum</strong></span> <span class='ocrx_word' id='word_1_196' title='bbox 452 2267 613 2346; x_wconf 81' lang='lat' dir='ltr'><strong>vallesque</strong></span> <span class='ocrx_word' id='word_1_197' title='bbox 627 2271 802 2340; x_wconf 78' lang='lat' dir='ltr'><strong>iuterieolae</strong></span> <span class='ocrx_word' id='word_1_198' title='bbox 816 2277 1007 2343; x_wconf 78' lang='lat' dir='ltr'><strong>ooeulebent</strong></span> <span class='ocrx_word' id='word_1_199' title='bbox 1033 2293 1097 2340; x_wconf 90' lang='lat' dir='ltr'><strong>oum</strong></span> <span class='ocrx_word' id='word_1_200' title='bbox 1109 2275 1155 2340; x_wconf 84' lang='lat' dir='ltr'><strong>ium</strong></span> 
     </span>
     <span class='ocr_line' id='line_1_27' title="bbox 191 2353 1155 2438; baseline 0.005 -26"><span class='ocrx_word' id='word_1_201' title='bbox 191 2353 557 2428; x_wconf 69' lang='lat' dir='ltr'><strong>appropinquaremus,</strong></span> <span class='ocrx_word' id='word_1_202' title='bbox 582 2356 665 2422; x_wconf 89' lang='lat' dir='ltr'><strong>velut</strong></span> <span class='ocrx_word' id='word_1_203' title='bbox 683 2357 805 2421; x_wconf 90' lang='lat' dir='ltr'><strong>obviam</strong></span> <span class='ocrx_word' id='word_1_204' title='bbox 827 2360 1036 2436; x_wconf 77' lang='lat' dir='ltr'><strong>egredientem</strong></span> <span class='ocrx_word' id='word_1_205' title='bbox 1056 2359 1155 2438; x_wconf 86' lang='lat' dir='ltr'><strong>turben.</strong></span> 
     </span>
     <span class='ocr_line' id='line_1_28' title="bbox 191 2429 1155 2523; baseline 0.017 -30"><span class='ocrx_word' id='word_1_206' title='bbox 191 2429 351 2507; x_wconf 83' lang='lat' dir='ltr'><strong>salutaret,</strong></span> <span class='ocrx_word' id='word_1_207' title='bbox 365 2435 482 2505; x_wconf 80' lang='lat' dir='ltr'><strong>tardius</strong></span> <span class='ocrx_word' id='word_1_208' title='bbox 496 2437 667 2502; x_wconf 82' lang='lat' dir='ltr'><strong>incedebat.</strong></span> <span class='ocrx_word' id='word_1_209' title='bbox 701 2457 796 2510; x_wconf 81' lang='lat' dir='ltr'><strong>causa</strong></span> <span class='ocrx_word' id='word_1_210' title='bbox 809 2452 874 2509; x_wconf 89' lang='lat' dir='ltr'><strong>erat</strong></span> <span class='ocrx_word' id='word_1_211' title='bbox 888 2461 1003 2523; x_wconf 87' lang='lat' dir='ltr'><strong>morae,</strong></span> <span class='ocrx_word' id='word_1_212' title='bbox 1018 2453 1052 2507; x_wconf 93' lang='lat' dir='ltr'><strong>ut</strong></span> <span class='ocrx_word' id='word_1_213' title='bbox 1063 2439 1155 2508; x_wconf 79' lang='lat' dir='ltr'><strong>bustal</strong></span> 
     </span>
     <span class='ocr_line' id='line_1_29' title="bbox 191 2522 1155 2606; baseline 0.01 -32"><span class='ocrx_word' id='word_1_214' title='bbox 191 2525 464 2592; x_wconf 77' lang='lat' dir='ltr'><strong>consequerentur.</strong></span> <span class='ocrx_word' id='word_1_215' title='bbox 487 2522 648 2599; x_wconf 80' lang='lat' dir='ltr'><strong>oppidani„</strong></span> <span class='ocrx_word' id='word_1_216' title='bbox 660 2531 729 2587; x_wconf 85' lang='lat' dir='ltr'><strong>ante</strong></span> <span class='ocrx_word' id='word_1_217' title='bbox 743 2526 883 2591; x_wconf 80' lang='lat' dir='ltr'><strong>lictorem</strong></span> <span class='ocrx_word' id='word_1_218' title='bbox 895 2529 986 2598; x_wconf 83' lang='lat' dir='ltr'><strong>turba</strong></span> <span class='ocrx_word' id='word_1_219' title='bbox 1000 2537 1078 2606; x_wconf 53' lang='lat' dir='ltr'><strong>nota,</strong></span> <span class='ocrx_word' id='word_1_220' title='bbox 1089 2529 1155 2590; x_wconf 90' lang='lat' dir='ltr'><strong>luse-</strong></span> 
     </span>
     <span class='ocr_line' id='line_1_30' title="bbox 191 2602 1156 2694; baseline 0.017 -31"><span class='ocrx_word' id='word_1_221' title='bbox 191 2602 292 2663; x_wconf 82' lang='lat' dir='ltr'><strong>tutum</strong></span> <span class='ocrx_word' id='word_1_222' title='bbox 315 2603 476 2666; x_wconf 75' lang='lat' dir='ltr'><strong>couhstim</strong></span> <span class='ocrx_word' id='word_1_223' title='bbox 497 2621 606 2682; x_wconf 80' lang='lat' dir='ltr'><strong>agmon</strong></span> <span class='ocrx_word' id='word_1_224' title='bbox 629 2615 815 2677; x_wconf 80' lang='lat' dir='ltr'><strong>amatorum</strong></span> <span class='ocrx_word' id='word_1_225' title='bbox 835 2629 897 2677; x_wconf 88' lang='lat' dir='ltr'><strong>nen</strong></span> <span class='ocrx_word' id='word_1_226' title='bbox 919 2621 1008 2692; x_wconf 73' lang='lat' dir='ltr'><strong>anm,</strong></span> <span class='ocrx_word' id='word_1_227' title='bbox 1029 2607 1156 2694; x_wconf 74' lang='lat' dir='ltr'><strong>quemad</strong></span> 
     </span>
     <span class='ocr_line' id='line_1_31' title="bbox 189 2680 1156 2778; baseline 0.024 -39"><span class='ocrx_word' id='word_1_228' title='bbox 189 2680 356 2778; x_wconf 81' lang='lat' dir='ltr'><strong>hospitium</strong></span> <span class='ocrx_word' id='word_1_229' title='bbox 369 2686 561 2762; x_wconf 84' lang='lat' dir='ltr'><strong>imperatoris</strong></span> <span class='ocrx_word' id='word_1_230' title='bbox 576 2701 701 2754; x_wconf 91' lang='lat' dir='ltr'><strong>ventum</strong></span> <span class='ocrx_word' id='word_1_231' title='bbox 715 2701 771 2771; x_wconf 88' lang='lat' dir='ltr'><strong>est,</strong></span> <span class='ocrx_word' id='word_1_232' title='bbox 788 2711 992 2774; x_wconf 71' lang='lat' dir='ltr'><strong>eonspexeto.</strong></span> <span class='ocrx_word' id='word_1_233' title='bbox 1014 2707 1075 2764; x_wconf 89' lang='lat' dir='ltr'><strong>tum</strong></span> <span class='ocrx_word' id='word_1_234' title='bbox 1089 2696 1156 2756; x_wconf 87' lang='lat' dir='ltr'><strong>velut</strong></span> 
     </span>
     <span class='ocr_line' id='line_1_32' title="bbox 189 2765 1155 2859; baseline 0.022 -39"><span class='ocrx_word' id='word_1_235' title='bbox 189 2765 311 2837; x_wconf 77' lang='lat' dir='ltr'><strong>prodita</strong></span> <span class='ocrx_word' id='word_1_236' title='bbox 329 2767 401 2828; x_wconf 92' lang='lat' dir='ltr'><strong>dolo</strong></span> <span class='ocrx_word' id='word_1_237' title='bbox 415 2772 565 2846; x_wconf 82' lang='lat' dir='ltr'><strong>Antiphili</strong></span> <span class='ocrx_word' id='word_1_238' title='bbox 582 2779 732 2848; x_wconf 80' lang='lat' dir='ltr'><strong>praetoris</strong></span> <span class='ocrx_word' id='word_1_239' title='bbox 747 2779 824 2840; x_wconf 87' lang='lat' dir='ltr'><strong>urbe</strong></span> <span class='ocrx_word' id='word_1_240' title='bbox 839 2789 993 2859; x_wconf 81' lang='lat' dir='ltr'><strong>captaque</strong></span> <span class='ocrx_word' id='word_1_241' title='bbox 1007 2783 1155 2856; x_wconf 82' lang='lat' dir='ltr'><strong>obstupue-</strong></span> 
     </span>
     <span class='ocr_line' id='line_1_33' title="bbox 163 2851 1155 2940; baseline 0.024 -39"><span class='ocrx_word' id='word_1_242' title='bbox 163 2867 167 2874; x_wconf 92' lang='lat'>·</span> <span class='ocrx_word' id='word_1_243' title='bbox 188 2851 258 2940; x_wconf 81' lang='lat' dir='ltr'><strong>runt</strong></span> <span class='ocrx_word' id='word_1_244' title='bbox 273 2861 389 2910; x_wconf 91' lang='lat' dir='ltr'><strong>omnes.</strong></span> <span class='ocrx_word' id='word_1_245' title='bbox 411 2859 442 2912; x_wconf 90' lang='lat' dir='ltr'><strong>et</strong></span> <span class='ocrx_word' id='word_1_246' title='bbox 455 2857 624 2930; x_wconf 82' lang='lat' dir='ltr'><strong>apparebat</strong></span> <span class='ocrx_word' id='word_1_247' title='bbox 637 2859 711 2920; x_wconf 90' lang='lat' dir='ltr'><strong>nihil</strong></span> <span class='ocrx_word' id='word_1_248' title='bbox 724 2863 839 2926; x_wconf 86' lang='lat' dir='ltr'><strong>liberae</strong></span> <span class='ocrx_word' id='word_1_249' title='bbox 854 2866 1084 2930; x_wconf 81' lang='lat' dir='ltr'><strong>consultationis</strong></span> <span class='ocrx_word' id='word_1_250' title='bbox 1096 2877 1155 2925; x_wconf 85' lang='lat' dir='ltr'><strong>eon·</strong></span> 
     </span>
     <span class='ocr_line' id='line_1_34' title="bbox 189 2929 1155 3024; baseline 0.009 -22"><span class='ocrx_word' id='word_1_251' title='bbox 189 2929 274 3022; x_wconf 57' lang='lat' dir='ltr'><strong>9¹¹¹⁰s</strong></span> <span class='ocrx_word' id='word_1_252' title='bbox 298 2933 381 3006; x_wconf 88' lang='lat' dir='ltr'><strong>quod</strong></span> <span class='ocrx_word' id='word_1_253' title='bbox 396 2935 427 2994; x_wconf 92' lang='lat' dir='ltr'><strong>in</strong></span> <span class='ocrx_word' id='word_1_254' title='bbox 448 2937 529 3000; x_wconf 90' lang='lat' dir='ltr'><strong>diem</strong></span> <span class='ocrx_word' id='word_1_255' title='bbox 550 2949 709 3016; x_wconf 81' lang='lat' dir='ltr'><strong>posterum</strong></span> <span class='ocrx_word' id='word_1_256' title='bbox 721 2945 867 3015; x_wconf 81' lang='lat' dir='ltr'><strong>indictum</strong></span> <span class='ocrx_word' id='word_1_257' title='bbox 882 2958 947 3011; x_wconf 84' lang='lat' dir='ltr'><strong>erat</strong></span> <span class='ocrx_word' id='word_1_258' title='bbox 960 2951 1099 3024; x_wconf 90' lang='lat' dir='ltr'><strong>Boeotis,</strong></span> <span class='ocrx_word' id='word_1_259' title='bbox 1116 2959 1155 3005; x_wconf 84' lang='lat' dir='ltr'><strong>re·</strong></span> 
     </span>
     <span class='ocr_line' id='line_1_35' title="bbox 189 3011 1154 3114; baseline 0.022 -45"><span class='ocrx_word' id='word_1_260' title='bbox 189 3011 291 3108; x_wconf 69' lang='lat' dir='ltr'><strong>luctum</strong></span> <span class='ocrx_word' id='word_1_261' title='bbox 305 3030 386 3114; x_wconf 81' lang='lat' dir='ltr'><strong>esse.</strong></span> <span class='ocrx_word' id='word_1_262' title='bbox 407 3025 550 3084; x_wconf 86' lang='lat' dir='ltr'><strong>texerunt</strong></span> <span class='ocrx_word' id='word_1_263' title='bbox 560 3025 707 3104; x_wconf 89' lang='lat' dir='ltr'><strong>dolorem,</strong></span> <span class='ocrx_word' id='word_1_264' title='bbox 725 3047 816 3106; x_wconf 82' lang='lat' dir='ltr'><strong>quent</strong></span> <span class='ocrx_word' id='word_1_265' title='bbox 827 3040 858 3094; x_wconf 87' lang='lat' dir='ltr'><strong>et</strong></span> <span class='ocrx_word' id='word_1_266' title='bbox 867 3037 1057 3112; x_wconf 87' lang='lat' dir='ltr'><strong>nequiquam</strong></span> <span class='ocrx_word' id='word_1_267' title='bbox 1067 3039 1095 3094; x_wconf 89' lang='lat' dir='ltr'><strong>et</strong></span> <span class='ocrx_word' id='word_1_268' title='bbox 1104 3043 1154 3090; x_wconf 89' lang='lat' dir='ltr'><strong>non</strong></span> 
     </span>
     <span class='ocr_line' id='line_1_36' title="bbox 188 3101 1154 3197; baseline 0.027 -44"><span class='ocrx_word' id='word_1_269' title='bbox 188 3109 256 3156; x_wconf 88' lang='lat' dir='ltr'><strong>sme</strong></span> <span class='ocrx_word' id='word_1_270' title='bbox 270 3101 407 3197; x_wconf 74' lang='lat' dir='ltr'><strong>pertoulo</strong></span> <span class='ocrx_word' id='word_1_271' title='bbox 424 3109 640 3182; x_wconf 78' lang='lat' dir='ltr'><strong>ostendissent.</strong></span> <span class='ocrx_word' id='word_1_272' title='bbox 672 3113 707 3176; x_wconf 89' lang='lat' dir='ltr'><strong>ss.</strong></span> <span class='ocrx_word' id='word_1_273' title='bbox 730 3115 760 3176; x_wconf 91' lang='lat' dir='ltr'><strong>in</strong></span> <span class='ocrx_word' id='word_1_274' title='bbox 776 3119 905 3183; x_wconf 80' lang='lat' dir='ltr'><strong>oonsilio</strong></span> <span class='ocrx_word' id='word_1_275' title='bbox 918 3122 1040 3183; x_wconf 86' lang='lat' dir='ltr'><strong>Attalus</strong></span> <span class='ocrx_word' id='word_1_276' title='bbox 1054 3117 1154 3196; x_wconf 82' lang='lat' dir='ltr'><strong>primu</strong></span> 
     </span>
     <span class='ocr_line' id='line_1_37' title="bbox 189 3179 1154 3280; baseline 0.022 -43"><span class='ocrx_word' id='word_1_277' title='bbox 189 3179 283 3241; x_wconf 83' lang='lat' dir='ltr'><strong>verbe</strong></span> <span class='ocrx_word' id='word_1_278' title='bbox 297 3183 376 3244; x_wconf 81' lang='lat' dir='ltr'><strong>lectt.</strong></span> <span class='ocrx_word' id='word_1_279' title='bbox 404 3203 495 3252; x_wconf 90' lang='lat' dir='ltr'><strong>orsus</strong></span> <span class='ocrx_word' id='word_1_280' title='bbox 511 3209 529 3253; x_wconf 85' lang='lat' dir='ltr'><strong>a</strong></span> <span class='ocrx_word' id='word_1_281' title='bbox 543 3195 690 3259; x_wconf 64' lang='lat' dir='ltr'><strong>maurum</strong></span> <span class='ocrx_word' id='word_1_282' title='bbox 706 3215 832 3263; x_wconf 90' lang='lat' dir='ltr'><strong>suerum</strong></span> <span class='ocrx_word' id='word_1_283' title='bbox 846 3203 976 3280; x_wconf 92' lang='lat' dir='ltr'><strong>suisque</strong></span> <span class='ocrx_word' id='word_1_284' title='bbox 990 3212 1021 3265; x_wconf 90' lang='lat' dir='ltr'><strong>et</strong></span> <span class='ocrx_word' id='word_1_285' title='bbox 1035 3215 1154 3265; x_wconf 86' lang='lat' dir='ltr'><strong>eommu-</strong></span> 
     </span>
    </p>
   </div>
   <div class='ocr_carea' id='block_1_4' title="bbox 186 3262 1154 3529">
    <p class='ocr_par' dir='ltr' id='par_1_4' title="bbox 186 3262 1154 3529">
     <span class='ocr_line' id='line_1_38' title="bbox 186 3262 1154 3362; baseline 0.042 -41"><span class='ocrx_word' id='word_1_286' title='bbox 186 3262 277 3326; x_wconf 90' lang='lat' dir='ltr'><strong>nibus</strong></span> <span class='ocrx_word' id='word_1_287' title='bbox 298 3267 329 3327; x_wconf 89' lang='lat' dir='ltr'><strong>in</strong></span> <span class='ocrx_word' id='word_1_288' title='bbox 347 3286 468 3335; x_wconf 90' lang='lat' dir='ltr'><strong>omnem</strong></span> <span class='ocrx_word' id='word_1_289' title='bbox 482 3277 639 3342; x_wconf 83' lang='lat' dir='ltr'><strong>Graeciam</strong></span> <span class='ocrx_word' id='word_1_290' title='bbox 654 3289 684 3344; x_wconf 91' lang='lat' dir='ltr'><strong>et</strong></span> <span class='ocrx_word' id='word_1_291' title='bbox 697 3285 833 3362; x_wconf 89' lang='lat' dir='ltr'><strong>propriis</strong></span> <span class='ocrx_word' id='word_1_292' title='bbox 847 3287 879 3348; x_wconf 92' lang='lat' dir='ltr'><strong>in</strong></span> <span class='ocrx_word' id='word_1_293' title='bbox 893 3289 1079 3352; x_wconf 82' lang='lat' dir='ltr'><strong>Boeotorum</strong></span> <span class='ocrx_word' id='word_1_294' title='bbox 1091 3298 1154 3360; x_wconf 69' lang='grc' dir='ltr'><strong>8θῦ’</strong></span> 
     </span>
     <span class='ocr_line' id='line_1_39' title="bbox 186 3353 1154 3447; baseline 0.032 -43"><span class='ocrx_word' id='word_1_295' title='bbox 186 3353 246 3407; x_wconf 90' lang='lat' dir='ltr'><strong>tem</strong></span> <span class='ocrx_word' id='word_1_296' title='bbox 257 3353 380 3428; x_wconf 88' lang='lat' dir='ltr'><strong>meritis,</strong></span> <span class='ocrx_word' id='word_1_297' title='bbox 396 3357 502 3422; x_wconf 88' lang='lat' dir='ltr'><strong>senior</strong></span> <span class='ocrx_word' id='word_1_298' title='bbox 512 3363 572 3424; x_wconf 86' lang='lat' dir='ltr'><strong>iam</strong></span> <span class='ocrx_word' id='word_1_299' title='bbox 584 3371 614 3426; x_wconf 88' lang='lat' dir='ltr'><strong>et</strong></span> <span class='ocrx_word' id='word_1_300' title='bbox 624 3365 780 3444; x_wconf 82' lang='lat' dir='ltr'><strong>infirmior,</strong></span> <span class='ocrx_word' id='word_1_301' title='bbox 793 3387 885 3447; x_wconf 86' lang='lat' dir='ltr'><strong>quam</strong></span> <span class='ocrx_word' id='word_1_302' title='bbox 897 3380 930 3434; x_wconf 93' lang='lat' dir='ltr'><strong>ut</strong></span> <span class='ocrx_word' id='word_1_303' title='bbox 942 3369 1154 3437; x_wconf 78' lang='lat' dir='ltr'><strong>contentionem</strong></span> 
     </span>
     <span class='ocr_line' id='line_1_40' title="bbox 187 3429 1153 3529; baseline 0.035 -44"><span class='ocrx_word' id='word_1_304' title='bbox 187 3429 308 3494; x_wconf 88' lang='lat' dir='ltr'><strong>dloendi</strong></span> <span class='ocrx_word' id='word_1_305' title='bbox 329 3441 506 3520; x_wconf 89' lang='lat' dir='ltr'><strong>sustineret,</strong></span> <span class='ocrx_word' id='word_1_306' title='bbox 530 3449 678 3512; x_wconf 90' lang='lat' dir='ltr'><strong>obmutuit</strong></span> <span class='ocrx_word' id='word_1_307' title='bbox 698 3459 729 3513; x_wconf 87' lang='lat' dir='ltr'><strong>et</strong></span> <span class='ocrx_word' id='word_1_308' title='bbox 750 3455 890 3516; x_wconf 81' lang='lat' dir='ltr'><strong>concidit.</strong></span> <span class='ocrx_word' id='word_1_309' title='bbox 924 3463 956 3518; x_wconf 88' lang='lat' dir='ltr'><strong>et</strong></span> <span class='ocrx_word' id='word_1_310' title='bbox 973 3448 1044 3520; x_wconf 89' lang='lat' dir='ltr'><strong>dum</strong></span> <span class='ocrx_word' id='word_1_311' title='bbox 1062 3463 1153 3529; x_wconf 69' lang='lat' dir='ltr'><strong>regem</strong></span> 
     </span>
    </p>
   </div>
   <div class='ocr_carea' id='block_1_5' title="bbox 0 0 1246 3894">
    <p class='ocr_par' dir='ltr' id='par_1_5' title="bbox 0 0 1246 3894">
     <span class='ocr_line' id='line_1_41' title="bbox 0 0 1246 3894; baseline 0 0"><span class='ocrx_word' id='word_1_312' title='bbox 0 0 1246 3894; x_wconf 95' lang='lat' dir='ltr'><strong> </strong></span> 
     </span>
    </p>
   </div>
  </div>
 </body>
</html>
