2482 3900
199 268 240 332 to
342 270 456 330 LIBER
470 271 587 331 xxxii.
611 269 694 358 GAP.
709 278 752 330 as.
767 277 810 330 aa.
833 270 868 346 [ι.
882 274 951 326 uc.
965 274 1025 340 5⁵4]

283 419 376 481 XXV.
400 419 538 479 Ceterum
564 419 698 479 adventu
717 418 747 478 in
768 419 915 479 Achaiam
935 417 1080 479 Philoclis
1103 418 1179 494 regii

200 504 347 577 praelecti
371 518 432 562 non
455 503 616 564 Corinthus
635 511 749 563 tantum
770 503 897 564 liberata
917 502 1095 577 obsidione,
1122 503 1178 562 sed

199 587 383 661 Argivorum
399 602 523 662 quoque
538 587 644 648 civitas
656 603 711 662 per
722 587 873 661 quosdam
886 587 1041 662 principes
1051 585 1178 647 Philocli

200 671 322 742 prodita
336 677 384 730 est
397 669 549 745 temptatis
566 672 650 745 prius
666 671 774 730 animis
788 670 898 746 plebis.
920 685 988 730 mos
1004 677 1070 730 erat
1085 669 1178 730 comi-

199 753 309 814 tiorum
331 755 380 814 die
400 755 498 828 primo
519 757 604 814 velut
623 755 731 814 ominis
753 769 847 814 causa
867 761 1027 828 praetores
1042 769 1178 828 pronun·

200 837 274 897 tiare
289 840 393 899 lovem
405 837 640 913 Apollinemque
654 844 684 898 et
694 839 863 898 Herculem.
886 837 1022 896 additum
1034 837 1095 912 legi
1105 844 1178 909 erat,

200 929 232 981 ut
246 921 294 982 his
306 921 464 996 Philippus
478 937 534 981 rex
550 922 729 981 adiceretur.
751 923 837 982 cuius
852 937 962 982 nomen
976 927 1048 996 post
1058 927 1179 995 pactam

201 1019 269 1066 cum
280 1006 426 1066 Romanis
437 1005 614 1066 societatem
627 1005 699 1081 quia
710 1021 823 1080 praeco
835 1021 896 1066 uon
908 1005 1027 1080 adiecit,
1040 1003 1178 1064 fremitus

200 1089 299 1163 primo
316 1088 514 1149 multitudinis
527 1096 622 1162 ortus,
639 1089 749 1149 deinde
761 1091 875 1149 clamor
886 1087 1099 1148 subicientium
1110 1087 1178 1146 Phi-

200 1173 276 1248 lippi
296 1188 407 1234 nomen
428 1171 657 1248 iubentiumque
677 1173 840 1247 legitimum
855 1173 1004 1233 honorem
1018 1187 1179 1246 usurpare,

201 1258 302 1318 donec
323 1273 392 1318 oum
414 1255 527 1332 ingenti
548 1258 683 1317 adsensu
699 1272 809 1316 nomen
824 1257 982 1316 recitatum
998 1263 1055 1315 est.
1087 1255 1179 1314 huius

201 1341 313 1402 tlducia
334 1342 449 1402 favoris
463 1339 614 1400 Philocles
636 1340 803 1402 arcessitus
819 1348 908 1400 nocte
924 1345 1055 1415 occupat
1070 1339 1179 1399 collem

201 1424 404 1485 imminentem
418 1424 485 1482 urbi
500 1425 683 1482 -Larisam
702 1439 769 1483 earn
783 1439 885 1502 arcem
899 1429 1012 1484 vocant
1022 1455 1080 1498 -,
1096 1423 1173 1498 posi·

203 1517 295 1582 toque
316 1507 357 1566 ibi
377 1507 532 1582 praesidio
550 1521 618 1566 cum
633 1507 710 1567 lucis
726 1507 876 1582 principio
894 1506 990 1582 signis
1005 1505 1126 1566 infestis
1142 1521 1181 1564 aa

202 1591 372 1672 subiectum
387 1592 449 1650 arci
465 1591 563 1648 lorum
578 1591 713 1665 vaderet,
734 1593 881 1652 instructa
896 1591 978 1650 acies
993 1606 1033 1650 ex
1047 1591 1180 1649 adverso

203 1675 344 1735 occurrit.
380 1673 566 1748 praesidium
587 1682 652 1734 erat
665 1675 860 1735 Achaeorum
881 1689 981 1748 nuper
994 1673 1181 1749 impositum,

203 1757 357 1833 quingenti
377 1758 442 1817 lere
456 1757 582 1818 iuvenes
598 1759 706 1816 delecti
723 1760 856 1820 omnium
872 1758 1046 1818 civitatitun.
1078 1757 1182 1816 Aene-

202 1841 339 1902 sidemus
359 1842 516 1919 Dymaeus
540 1849 689 1917 praeerat.
726 1844 764 1902 ad
786 1843 843 1902 hos
865 1849 969 1902 orator
989 1841 1182 1918 apraelecto

201 1924 286 2000 regio
312 1926 441 2000 missus,
469 1927 520 2001 qui
547 1925 698 1985 excedere
718 1927 793 1985 urbe
815 1925 946 1986 luheren
979 1923 1183 2000 nequeenim

202 2024 294 2085 pares
310 2025 365 2071 eos
378 2009 542 2085 oppidanis
555 2009 640 2082 solis,
657 2009 709 2084 qui
720 2010 801 2068 idem
814 2009 898 2084 quod
908 2009 1098 2068 Macedones
1114 2021 1171 2066 sen

202 2095 306 2167 tircnt,
328 2093 439 2153 nedum
460 2093 611 2152 adiunctis
626 2092 846 2152 Macedonibus
861 2107 947 2166 esse,
971 2107 1053 2166 quos
1067 2107 1108 2150 ne
1121 2091 1183 2150 Ro-

111 2239 113 2243 ,
202 2177 283 2236 mani
299 2177 423 2250 quidem
438 2176 478 2235 ad
490 2175 665 2235 Corinthum
679 2177 904 2249 sustinuissent,
924 2175 1021 2250 primo
1035 2173 1112 2235 nihil
1126 2189 1184 2232 nec

203 2261 311 2320 ducem
333 2275 390 2320 nec
410 2260 498 2334 ipsos
516 2259 626 2328 movil;
650 2267 721 2334 post
734 2261 842 2334 paulo,
860 2259 1041 2334 utArgivos
1058 2273 1185 2333 quoque

202 2351 335 2403 armatos
350 2359 389 2402 ex
403 2349 489 2418 parte
504 2343 598 2402 altera
611 2343 761 2403 venientis
776 2359 886 2417 magno
898 2343 1019 2418 agmine
1028 2341 1184 2411 viderunt,

204 2435 315 2487 certam
331 2427 495 2503 pernicicm
510 2435 677 2501 cernentes,
693 2443 813 2487 omnem
829 2433 928 2486 tamen
945 2441 1061 2500 casum,
1077 2426 1179 2500 siper·

204 2511 332 2573 tinacior
351 2512 415 2571 dux
431 2511 555 2585 luisset,
578 2511 760 2570 videbantur
774 2509 914 2572 subituri.
946 2509 1185 2578 Aenesidemus,

203 2609 242 2655 nc
256 2593 316 2656 flos
326 2595 521 2656 Achaeorum
535 2595 699 2655 iuventutis
714 2595 802 2654 simul
817 2610 886 2654 cum
901 2591 976 2653 urbe
989 2593 1185 2662 amitteretur,

203 2685 313 2754 pactus
329 2679 505 2750 aPhilocle,
527 2686 560 2738 ut
575 2678 659 2738 abire
673 2679 732 2738 illis
747 2679 859 2751 liceret,
875 2678 943 2752 ipse
959 2693 1021 2751 quo
1037 2675 1110 2737 loco
1125 2681 1185 2735 ste-

203 2770 280 2822 terat
295 2769 439 2832 armatus,
456 2778 524 2821 curu
539 2761 646 2834 paucis
658 2761 818 2822 clientibus
829 2777 890 2822 non
903 2761 1048 2820 excessit.
1071 2759 1186 2819 missus

205 2861 223 2902 a
237 2845 370 2904 Philocle
386 2844 438 2916 qui
454 2848 629 2918 quaereret,
652 2844 723 2918 quid
740 2845 797 2904 sibi
813 2845 913 2903 vellet.
936 2843 1009 2903 nihil
1024 2850 1109 2904 statu
1122 2858 1182 2902 mo

206 2934 263 3000 tus,
279 2942 347 2986 cum
363 2927 499 3000 proiecto
515 2941 590 3000 prae
606 2941 641 2984 se
656 2927 755 3002 clipeo
771 2935 878 3002 staret,
900 2928 930 2986 in
946 2927 1107 3003 praesidio
1123 2941 1177 2986 cre

206 3011 286 3068 ditae
305 3009 390 3068 urbis
412 3010 590 3070 moriturum
608 3023 643 3068 se
657 3018 803 3071 annatum
816 3011 985 3088 respondit.
1018 3017 1084 3070 tum
1100 3011 1184 3070 iussu

206 3093 351 3168 praelecti
373 3093 572 3153 aThracibus
595 3094 732 3155 coniecta
750 3096 811 3154 tela
831 3095 1045 3170 interfectique
1068 3108 1186 3156 omnes.

205 3185 235 3238 et
250 3185 321 3251 post
332 3183 451 3250 pactum
464 3176 542 3235 inter
552 3175 695 3238 Achaeos
708 3184 738 3238 et
747 3178 903 3239 Romanos
915 3178 1096 3239 societatem
1109 3179 1187 3238 duae

205 3260 414 3321 nobilissimae
428 3259 536 3334 urbes,
557 3261 631 3335 Argi
645 3267 676 3322 et
691 3259 866 3335 coiinmus,
887 3263 917 3321 in
932 3267 1087 3336 potestate
1103 3261 1186 3334 regis

205 3351 300 3438 crant.
332 3343 409 3402 haec
431 3359 467 3402 ea
482 3351 597 3404 aestate
617 3344 655 3404 ab
669 3345 815 3406 Romanis
831 3344 862 3404 in
878 3345 1005 3406 Graecia
1024 3353 1110 3405 terra
1126 3361 1183 3402 rnu-

204 3433 403 3568 maffia.
416 3510 450 3568 In
461 3509 556 3570 Gallia
570 3509 644 3569 nihil
659 3525 733 3569 sane
747 3513 943 3595 memorabile
959 3513 996 3573 ab
1009 3511 1084 3572 Sex.
1097 3512 1186 3571 Aeno
