2482 3900
193 223 311 284 LIBER
325 222 429 285 XXXI.
453 223 537 284 CAP-
548 233 591 288 31.
603 231 646 287 32.
659 231 702 286 33.
727 232 763 299 [a.
777 231 809 284 C.
819 233 883 300 200]
985 233 1026 292 29

47 385 200 452 talemque
214 381 352 436 nostram
368 375 489 438 loduna
503 373 605 436 oblata
620 381 675 453 est,
693 376 751 436 nisi
766 379 869 452 perire
880 394 949 439 oum
959 379 1026 440 Phi·

46 463 130 536 lippo
146 475 237 536 quarn
251 459 376 520 vincere
390 474 460 520 oum
473 459 620 522 Romanis
635 462 808 522 mavultis.“

126 543 247 604 XXXII.
268 543 353 603 Haec
368 543 448 604 dicta
462 542 501 602 ab
512 543 650 604 Romano
664 560 731 604 curn
745 553 859 620 essent,
874 545 1026 610 inclinatis

46 629 178 689 onmium
200 625 308 686 animis
330 627 370 686 ad
384 627 542 690 Romanos
556 627 748 689 Damocritus
764 637 888 704 praetor
901 633 1026 694 Aetolo-

45 731 108 773 rum
120 711 271 788 pecunia,
292 717 327 770 ut
340 711 422 770 iama
436 717 498 785 est,
521 711 560 772 ab
574 727 648 786 rege
662 719 790 788 accepta
803 712 876 772 nihil
892 722 942 774 aut
955 716 1027 776 huic

45 803 94 858 aut
114 797 158 857 illi
180 795 260 871 parti
281 795 449 870 adsensus,
475 810 541 856 rem
561 797 663 870 magni
685 796 868 858 discriminis
890 800 1026 860 consiliis

45 882 158 942 nullam
179 895 253 940 esse
272 883 333 938 tam
354 877 504 939 inimicam
527 895 617 954 quam
633 881 816 942 celeritatem
833 882 923 951 dixit;
946 886 1026 944 cele-

45 981 106 1025 rem
121 964 204 1024 enirn
219 963 445 1040 paenitentiam,
462 964 519 1024 sed
535 964 664 1024 eandem
676 979 777 1024 seram
788 969 881 1040 atque
892 966 1026 1026 inutilem

47 1049 150 1125 sequi,
177 1063 246 1108 cum
270 1046 470 1122 praecipitata
488 1049 598 1122 raptim
619 1048 748 1109 consilia
766 1063 868 1124 neque
887 1051 1027 1111 revocari

46 1149 144 1208 neque
170 1132 202 1192 in
222 1133 372 1205 integrum
396 1131 514 1192 restitui
534 1131 670 1206 possint=
703 1131 930 1194 deliberationis
950 1135 1026 1208 eius,

46 1219 133 1278 cuius
159 1216 230 1292 ipse
255 1215 456 1275 maturitatem
482 1215 721 1290 exspectandam
747 1221 880 1290 putaret,
905 1223 1027 1292 tempus

45 1302 86 1361 ita
100 1302 162 1361 iam
177 1315 259 1362 nunc
275 1299 366 1359 statui
385 1314 495 1373 possea
519 1315 588 1360 oum
602 1297 722 1374 legibus
738 1304 859 1358 cautum
874 1305 972 1373 esset,
989 1317 1027 1360 ne

46 1385 84 1445 de
101 1399 183 1460 paee
202 1383 348 1458 belloque
370 1382 429 1442 nisi
450 1381 479 1442 in
492 1383 687 1444 Panaetolico
710 1389 740 1441 et
752 1381 877 1460 Pylaico
897 1384 1026 1446 coneilio

45 1476 203 1544 ageretur,
227 1469 429 1528 decernerent
450 1468 620 1544 extemplo,
643 1474 675 1528 ut
689 1473 813 1542 praetor
828 1469 895 1526 sine
909 1469 1026 1536 fraude.

45 1569 109 1614 cum
134 1554 176 1613 de
196 1552 277 1612 bello
299 1557 329 1611 et
349 1566 428 1627 pace
443 1566 535 1626 agere
547 1552 633 1628 velit,
655 1551 787 1611 advocet
801 1551 977 1628 concilium,
998 1561 1028 1614 et

45 1639 128 1713 quod
144 1644 210 1698 turn
223 1636 372 1696 referatur
387 1635 638 1713 decernaturque,
660 1646 693 1698 ut
708 1634 837 1716 perinde
851 1637 899 1696 ius
914 1641 1026 1698 ratum·

45 1739 99 1798 que
123 1721 181 1796 sit,
204 1736 241 1781 ac
260 1719 288 1780 si
303 1719 333 1779 in
347 1717 542 1782 Panaetolico
563 1728 615 1782 aut
627 1721 753 1800 Pylaico
775 1720 905 1784 concilio
927 1728 1026 1782 actum

43 1813 134 1868 esset.
165 1803 303 1866 dimissis
318 1803 360 1864 ita
375 1819 531 1880 suspensa
543 1821 577 1864 re
591 1807 699 1881 legatis
714 1807 838 1882 egregIe
853 1806 1026 1870 consultum

42 1891 122 1966 genti
136 1889 257 1951 aiebah
279 1903 349 1948 nam
365 1887 461 1949 utrius
476 1889 573 1964 partis
589 1891 696 1951 melior
710 1891 832 1952 fortuna
847 1892 918 1952 belli
931 1897 1026 1968 esset,

42 1975 163 2036 adeius
181 1973 360 2036 societatem
380 1973 589 2035 inclinaturos.
618 1973 695 2035 haec
710 1975 740 2035 in
756 1977 885 2037 concilio
901 1977 1026 2037 Aetolo-

41 2076 102 2120 mm
118 2063 203 2120 acta.

122 2143 262 2205 XXXlll.
293 2141 452 2218 Philippus
478 2142 607 2218 impigre
633 2151 712 2203 terra
736 2143 875 2218 marique
898 2143 1027 2219 parabat

43 2230 172 2298 bellam;
198 2227 318 2287 navalis
340 2226 447 2303 copias
461 2226 685 2289 Demetriadem
706 2228 735 2286 in
750 2227 938 2288 Thessaliam
953 2243 1026 2288 con-

42 2313 192 2373 trahebat.
224 2313 359 2372 Attalum
372 2311 605 2386 Romanamque
626 2313 757 2372 classem
777 2312 928 2388 principio
943 2313 1026 2374 veris

43 2395 74 2456 ab
93 2397 223 2472 Aegina
246 2401 331 2456 ratus
356 2403 507 2470 moturos,
534 2394 664 2456 navibus
689 2396 928 2473 maritumaeque
953 2413 1027 2459 orae

40 2480 192 2554 praefecit
204 2479 407 2556 Heraclidam,
424 2495 513 2556 quem
529 2487 560 2540 et
574 2487 644 2540 ante
658 2481 863 2556 praefecerat:
886 2481 955 2555 ipse
966 2488 1026 2540 ter-

40 2565 146 2625 restris
165 2563 275 2640 copias
291 2562 498 2640 comparabat,
514 2579 626 2638 magna
638 2580 672 2623 se
684 2564 745 2622 duo
757 2564 870 2623 auxilia
880 2564 1026 2624 Romanis

41 2647 218 2710 detraxisse
233 2648 380 2724 credens,
395 2664 434 2708 ex
448 2663 510 2708 una
524 2655 611 2722 parte
625 2647 769 2720 Aetolos,
786 2661 825 2704 ex
843 2647 938 2706 altera
950 2646 1026 2707 Dar-

40 2732 157 2808 danoS,
181 2731 322 2794 lancibus
338 2733 377 2792 ad
391 2732 586 2808 Pelagoniam
602 2748 619 2790 a
634 2730 697 2790 filio
712 2729 826 2792 Perseo
842 2731 1025 2792 interclusis.

40 2815 74 2874 ab
89 2817 226 2878 consule
243 2831 305 2876 non
322 2817 488 2892 parabatur
503 2815 560 2878 sed
573 2814 738 2890 gerebatur
752 2813 812 2874 iarn
825 2813 948 2878 bellum.
971 2832 1027 2894 per

38 2899 288 2962 Dassaretiorum
303 2901 381 2961 lines
397 2901 563 2962 exercitum
577 2899 716 2972 ducebat,
744 2900 926 2962 frumentum
943 2904 1026 2978 quod

39 2998 75 3042 ex
94 2983 238 3044 hibernis
260 2983 424 3058 extulerat,
450 2985 600 3058 integrum
620 2983 752 3060 vehem,
780 2987 863 3059 quod
884 2987 913 3047 in
935 3003 1026 3050 usum

39 3067 124 3130 militi
140 3069 219 3128 satis
234 3074 327 3144 esset,
343 3067 560 3144 praebentibus
576 3068 668 3144 agris.
692 3068 809 3144 oppida
822 3071 945 3148 vicique
955 3089 1024 3148 par·

38 3152 89 3211 tim
108 3151 272 3214 voluntate
291 3153 401 3229 partim
415 3159 498 3212 metu
512 3169 548 3212 se
562 3151 738 3224 tradebant;
761 3155 912 3229 quaedam
926 3155 957 3216 vi
972 3171 1025 3216 ex·

40 3244 193 3311 pugnata,
220 3237 372 3313 quaedam
397 3237 521 3298 deserta
541 3237 571 3297 in
592 3237 705 3298 montis
727 3237 921 3314 propinquos
942 3239 1024 3298 relu-

39 3319 194 3392 gientibus
225 3321 365 3382 barbaris
399 3319 640 3382 inveniebantur.
683 3321 723 3382 ad
750 3321 888 3400 Lyncum
916 3323 1024 3384 stativa

41 3403 148 3475 posuit
174 3421 275 3481 prope
300 3405 414 3468 ilumen
439 3405 570 3470 Devumt
606 3405 678 3465 inde
705 3405 916 3467 frumentatum
943 3406 1024 3468 circa

40 3484 154 3548 horrea
181 3489 427 3552 Dassaretiorum
454 3489 598 3550 mittebat.
640 3485 800 3564 Philippus
830 3497 1023 3552 consternata
