2482 3900
260 237 376 300 LIBER
387 239 490 300 XXXI.
514 241 597 301 CAP.
608 251 635 302 2.
646 249 673 303 3.
686 251 712 304 t.
732 250 768 316 [a.
782 249 814 303 G.
826 250 889 317 201]
1056 244 1077 308 3

92 395 312 470 populationes
328 394 406 455 setis
419 411 572 470 prospere
586 411 623 456 ac
637 405 701 457 tuto
716 397 796 456 lecit.
830 397 949 457 delecto
965 397 1078 458 deinde

92 480 133 538 ad
148 485 283 538 castrum
298 477 435 539 Mutilum
456 479 532 539 sotis
547 480 660 540 idoneo
678 481 747 541 loco
765 481 804 540 ad
819 481 1001 541 demetenda
1016 482 1075 540 ire

90 573 195 622 menta
207 593 252 608 —-
265 561 325 620 iem
345 563 426 622 enirn
445 569 584 624 maturae
604 557 691 625 mant
716 571 838 638 segetes
851 595 895 608 -
909 566 1076 640 proiectus,

90 661 194 720 neque
210 645 371 719 explorato
387 646 478 720 circa,
501 661 559 706 nec
574 647 758 708 stationibus
773 649 849 708 setis
866 647 971 722 firmis,
995 665 1078 724 quae

91 735 227 789 armatae
247 727 382 790 inernies
403 736 496 804 atque
511 730 597 805 operi
612 730 746 792 intentos
758 737 941 806 tutarentur,
964 734 1075 807 positis

91 813 261 889 improviso
283 812 398 888 impetu
413 813 567 874 Gallorum
583 829 650 873 cum
670 815 939 876 frumentatoribus
956 824 1004 877 est
1018 815 1075 876 cir-

92 905 284 958 cumventus.
312 897 383 956 inde
399 913 497 971 pavor
510 899 646 972 legeque
661 899 750 960 etiarn
766 905 899 959 annulos
916 902 1005 976 cepit.
1035 901 1074 962 ad

91 987 211 1056 septem
236 981 322 1041 milia
344 980 501 1041 hominurn
527 983 629 1056 palate
649 999 706 1058 per
726 991 848 1057 segetes
872 991 944 1044 sunt
965 1000 1074 1054 caeam

89 1066 170 1125 inter
189 1081 268 1140 quos
291 1064 359 1139 ipse
381 1065 411 1126 c.
429 1065 560 1140 Ampius
583 1067 771 1140 praefectus:
808 1069 900 1128 ceteri
921 1070 951 1128 in
973 1076 1075 1129 castra

89 1157 173 1210 metu
194 1148 355 1224 compulsi.
389 1149 463 1208 inde
483 1149 550 1209 sine
571 1155 655 1212 certo
677 1151 756 1209 duee
778 1166 935 1212 consensu
955 1152 1074 1212 militari

92 1234 232 1308 proxime
246 1238 337 1292 nocte
350 1233 456 1292 relicta
470 1248 583 1308 magna
597 1240 686 1308 parte
699 1249 801 1294 rerum
813 1249 938 1294 suarum
950 1237 1072 1294 adcon-

94 1317 190 1378 5ulem
210 1333 270 1392 per
289 1316 386 1377 saltus
402 1332 502 1392 prope
516 1315 616 1376 invios
632 1333 811 1392 peruenere.
848 1317 900 1392 qui
915 1318 974 1377 nisi
990 1318 1074 1391 quod

89 1401 258 1476 populatus
279 1405 328 1460 cst
346 1400 492 1460 Boiorum
513 1401 583 1460 finis
605 1409 724 1462 etcum
745 1401 890 1476 Ingaunis
910 1401 1072 1477 Liguribus

91 1486 204 1546 foedus
228 1485 314 1558 lecit,
336 1483 410 1546 nihil
433 1486 516 1559 quod
536 1493 621 1545 esset
641 1487 836 1547 memorabile
858 1485 941 1545 aliud
956 1487 985 1545 in
1002 1502 1072 1560 pro-

87 1568 192 1628 vincie
206 1583 276 1628 cum
290 1568 450 1644 gessisset,
468 1570 597 1629 Romam
610 1569 709 1630 rediit.

172 1651 222 1710 Ill.
246 1652 319 1712 curn
334 1652 465 1727 primum
480 1659 620 1712 senatum
634 1653 740 1714 habuit
750 1655 902 1714 universis
916 1656 1072 1728 postulan-

88 1735 186 1810 tibus,
209 1751 248 1794 ne
263 1752 355 1812 quarn
371 1737 457 1811 prius
471 1752 536 1796 rem
551 1753 643 1812 quam
657 1738 696 1798 de
710 1737 849 1812 Philippo
865 1753 902 1797 ac
917 1739 1073 1799 sociorum

89 1819 226 1895 querelis
248 1827 366 1894 egeret,
387 1821 516 1880 relatum
538 1823 691 1897 extemplo
714 1829 777 1891 est;
801 1821 998 1898 decrevitque
1013 1824 1072 1881 ire·

91 1917 191 1978 quens
214 1907 357 1977 sanatus,
378 1911 412 1964 ut
433 1903 464 1962 P.
479 1905 587 1965 Aelius
608 1907 731 1975 consul,
759 1919 849 1980 quem
864 1905 1019 1966 videretur
1035 1907 1072 1978 ci,

86 2004 159 2047 carn
173 1987 456 2063 imperiomitteret,
473 1989 524 2062 qui
541 1989 643 2051 classe
657 1996 793 2064 accepta,
811 2005 902 2068 quern
918 2005 957 2050 ex
970 1988 1073 2048 Sicilia

86 2072 141 2132 On.
158 2069 303 2132 Octavius
319 2071 491 2146 reduceret,
506 2072 536 2130 in
552 2072 764 2134 Macedoniarn
778 2073 927 2133 traiceret.
953 2073 992 2131 Μ.
1009 2073 1071 2132 Va·

84 2156 183 2215 lerius
197 2155 351 2215 Laevinus
366 2163 550 2230 propraetor
562 2155 678 2216 missus
693 2158 775 2216 circa
786 2157 940 2215 Vibonem
955 2157 1071 2216 duode-

85 2239 294 2314 quadraginta
313 2239 442 2300 nauibus
465 2240 504 2299 ab
520 2240 572 2299 Cn.
589 2240 714 2300 Octavio
731 2241 868 2316 acceptis
883 2241 912 2300 in
927 2240 1072 2300 Macedo—

84 2325 170 2384 niam
183 2323 361 2384 transmisit.
384 2324 424 2383 ed
439 2339 530 2398 quern
546 2341 614 2384 cum
624 2325 665 2384 Μ.
678 2325 822 2384 Aurelius
838 2326 954 2400 legatus
968 2325 1070 2384 venis

83 2414 149 2480 set,
182 2407 424 2482 edocuissetque
452 2425 522 2468 eum
557 2416 690 2483 quantos
718 2408 888 2482 exercitus,
926 2416 1071 2482 quantum

82 2491 212 2552 navium
226 2505 385 2551 numerum
397 2501 609 2566 comparasset
619 2509 683 2564 rex,
701 2508 792 2568 quern
803 2493 843 2551 ad
854 2492 1072 2551 modumcirce

83 2576 192 2637 ornnis
204 2591 268 2636 non
284 2575 465 2636 continentis
477 2576 570 2635 modo
582 2575 675 2636 urbes
688 2577 743 2635 sed
757 2575 847 2634 etiam
859 2575 985 2644 insulas,
1001 2591 1069 2648 par·

84 2662 137 2718 tim
153 2660 225 2734 ipse
239 2658 383 2720 adeundo
398 2659 508 2735 partim
520 2673 576 2733 per
590 2660 717 2733 legatos,
733 2659 868 2718 conciret
878 2657 1018 2718 homines
1031 2656 1071 2717 ed

83 2759 189 2813 arma3
217 2741 339 2802 maiore
359 2749 470 2804 conatu
490 2743 640 2806 Romanis
659 2742 691 2802 id
710 2741 936 2818 capessendum
956 2742 1071 2802 bellurn

83 2843 170 2901 esse,
184 2842 225 2886 ne
240 2827 452 2887 cunctantibus
466 2826 504 2886 iis
518 2826 645 2887 auderet
656 2826 823 2902 Philippus
841 2825 1071 2906 quodPyrrhus

83 2911 176 2984 prius
195 2926 291 2971 ausus
313 2925 353 2969 ex
367 2911 523 2986 aliquanto
539 2909 656 2971 minore
670 2927 766 2986 regno
782 2918 879 2971 esset:
902 2911 980 2972 haec
995 2911 1070 2972 scri-

81 2993 166 3054 bere
178 2995 286 3054 eedem
300 2995 458 3054 Aurelium
474 2996 653 3056 consulibus
669 2995 852 3070 senatuique
866 2995 989 3070 placuit.

168 3077 221 3136 lv.
244 3077 336 3138 Exitu
357 3078 448 3139 huius
470 3080 541 3139 anni
557 3094 626 3140 cum
641 3079 680 3139 de
695 3080 776 3153 agris
792 3085 928 3140 veterum
943 3081 1070 3138 militum

82 3163 217 3220 relatum
237 3169 335 3234 esset,
358 3160 411 3238 qui
432 3163 528 3223 ductu
547 3169 640 3239 etque
661 3163 799 3238 auspicio
814 3162 845 3221 P.
862 3162 1015 3237 Scipionis
1039 3163 1069 3220 in

83 3244 194 3304 Africa
206 3243 319 3307 bellum
336 3246 549 3321 perfecissent,
572 3247 774 3308 decreverunt
788 3255 902 3322 patres,
917 3254 954 3306 ut
964 3245 1004 3303 Μ.
1020 3245 1068 3304 lu-

83 3343 158 3388 nius
172 3336 298 3404 praetor
312 3330 406 3404 urbis,
421 3328 448 3390 si
462 3330 491 3389 ei
504 3331 667 3404 videretur,
684 3330 876 3391 decemviros
890 3344 965 3403 agro
982 3326 1072 3388 Sem

84 3409 142 3472 niti
157 3413 332 3488 epuloque,
356 3414 441 3489 quod
456 3415 523 3476 eius
538 3415 692 3490 publicum
709 3415 815 3488 populi
830 3411 959 3473 Romani
975 3419 1068 3484 esset,

83 3497 241 3559 metiendo
266 3498 497 3572 dividendoque
523 3505 649 3559 crearet.
683 3498 775 3558 creati
799 3495 832 3555 P.
845 3495 1007 3620 *Servilius
1033 3494 1067 3569 Q.
