2482 3900
174 185 214 251 72
234 185 349 246 LIBER
359 185 476 246 XXXII.
493 184 575 244 CAP.
586 191 629 245 26.
642 190 684 246 st.
697 187 740 242 28.
757 188 792 256 [a.
803 187 836 240 U.
845 205 869 240 c.
878 189 939 244 sal.
951 203 975 240 a.
984 187 1016 240 C.
1025 189 1087 256 198]

175 351 255 396 noxa
270 341 365 406 erant,
382 333 565 408 supplicium
580 333 719 408 sumpsit.
742 333 772 392 in
788 333 895 392 timore
906 333 1012 393 civitas
1026 335 1082 395 tuit
1097 336 1153 394 ob·

174 421 258 479 sides
281 418 482 492 captivosque
496 415 668 476 Poenorum
682 431 720 476 aa
734 415 841 477 moliri.
874 417 976 492 itaque
991 425 1022 478 et
1034 418 1155 478 Romae

174 503 293 579 vigiliae
307 517 363 576 per
374 500 459 562 vicos
471 507 619 575 servatae,
631 500 771 574 iussique
781 499 939 560 circumire
950 515 1003 560 eas
1015 501 1153 564 minores

175 587 383 662 magistratum
399 593 428 645 et
437 585 583 644 triumviri
595 583 727 643 carceris
738 585 950 644 lautumiartun
961 585 1154 646 intentiorem

174 669 343 730 custodiam
363 667 477 728 habere
497 669 589 737 iussi;
612 673 642 728 et
656 667 737 728 circa
751 683 862 729 nomen
875 667 1013 728 Latinum
1030 687 1050 728 a
1062 685 1152 744 prae-

174 761 239 816 tore
254 753 369 813 litterae
384 753 513 824 missae,
534 758 567 811 ut
581 757 611 810 et
625 747 750 812 obsides
766 751 796 810 in
811 752 929 826 privato
945 760 1154 824 servarentur,

174 852 275 912 necque
289 837 319 896 in
335 837 490 910 publicum
505 834 677 910 prodeundi
693 835 819 896 facultas
834 835 973 908 daretur,
994 843 1025 896 et
1039 837 1152 912 captivi

175 937 212 980 ne
232 921 332 979 minus
354 919 461 979 decem
482 919 586 994 pondo
609 920 809 992 compedibus
828 918 922 978 vincti
943 918 973 977 in
995 920 1080 979 nulla
1094 921 1154 979 alia

175 1021 265 1078 quam
280 1004 309 1062 in
326 1003 458 1065 carceris
474 1001 586 1078 publici
602 1003 742 1062 custodia
756 1009 870 1062 essent.

256 1087 377 1146 XXVII.
399 1085 516 1147 Eodem
537 1101 617 1145 anno
639 1087 729 1160 legati
748 1087 786 1144 ab
800 1100 874 1161 rega
887 1087 989 1146 Attalo
1006 1101 1154 1147 coronam

174 1186 298 1232 auream
313 1171 476 1232 ducentum
493 1170 692 1246 quadraginta
706 1185 763 1229 sex
776 1169 880 1244 pondo
894 1171 923 1228 in
936 1170 1085 1244 Capitolio
1099 1187 1153 1245 po-

174 1261 309 1328 suerunt,
324 1255 501 1330 gratiasque
516 1254 633 1313 senatui
649 1267 755 1328 egere,
771 1253 855 1328 quod
869 1253 1055 1324 Antiochus,
1072 1256 1153 1329 tegu-

176 1349 274 1399 torum
286 1339 494 1399 Romanorum
509 1337 686 1398 auctoritate
701 1343 811 1411 motus,
829 1337 942 1396 finibus
956 1338 1050 1396 Attali
1066 1353 1153 1398 exer-

174 1423 266 1482 citum
281 1421 471 1481 deduxisset.

258 1505 374 1564 Eadem
389 1511 505 1564 aestate
520 1503 638 1578 equites
654 1503 776 1564 ducenti
792 1511 821 1564 et
835 1504 987 1580 elephanti
1002 1505 1110 1562 decem
1125 1515 1155 1565 et

176 1589 264 1650 tritici
284 1589 417 1646 modium
440 1589 571 1648 ducenta
591 1585 672 1646 milia
690 1587 728 1646 ab
743 1604 816 1663 rege
830 1588 995 1648 Masinissa
1010 1587 1051 1646 ad
1066 1603 1151 1646 exer-

176 1673 281 1744 citum,
305 1671 402 1746 quiin
420 1670 547 1730 Graecia
562 1677 641 1744 erat,
663 1679 876 1745 pervenerunt.
910 1673 979 1731 item
996 1686 1035 1730 ex
1050 1669 1156 1730 Sicilia

176 1752 378 1828 Sardiniaque
406 1753 506 1830 magni
533 1762 720 1814 commeatus
748 1761 778 1814 et
801 1755 982 1817 vestimenta
1007 1755 1157 1815 exercitm‘

177 1838 281 1898 missa.
304 1836 438 1898 SiciiIam
454 1837 494 1896 M.
509 1837 681 1911 Marcellus,
697 1837 869 1898 Sardiniam
883 1837 923 1898 Μ.
939 1839 1065 1898 Porcius
1080 1838 1157 1899 Calo

177 1921 345 1995 obtinebat,
367 1930 492 1983 sanctus
509 1929 538 1980 et
552 1922 716 1996 innocens,
731 1923 872 1998 asperior
886 1931 986 1982 tamen
1001 1921 1032 1981 in
1048 1923 1157 1982 ienore

175 2005 348 2066 coercendo
370 2006 501 2066 habitus.
537 2005 693 2080 fugatique
716 2021 755 2064 ex
776 2006 877 2066 insuta
894 2007 1101 2080 feneratores,
1125 2015 1157 2066 et

176 2096 331 2164 sumptae,
357 2105 437 2164 quos
462 2090 492 2147 in
521 2092 633 2149 cultram
653 2098 828 2166 praetorum
853 2090 930 2150 socii
950 2091 1053 2150 iacere
1074 2091 1158 2150 soliti

175 2179 270 2245 erant,
286 2173 458 2232 circumcisi
473 2179 525 2232 aut
539 2171 659 2234 sublati.

260 2254 331 2316 Sex.
346 2256 453 2316 Aelius
475 2259 583 2317 consul
605 2273 645 2316 ex
660 2255 755 2317 Gallia
776 2257 964 2322 comitiorum
983 2273 1080 2316 causa
1095 2257 1158 2318 Ro-

175 2353 255 2397 mam
271 2354 338 2398 cum
353 2339 499 2414 redisset,
522 2341 638 2400 creavit
652 2341 797 2400 consules
813 2339 844 2402 0.
860 2340 1033 2402 Cornelium
1049 2339 1159 2400 Cethe·

174 2438 244 2496 gum
258 2430 288 2483 et
299 2422 332 2496 Q.
345 2421 510 2484 Minucium
519 2423 640 2484 Rufum.
656 2424 751 2484 biduo
763 2431 835 2498 post
846 2432 1020 2500 praetorum
1034 2425 1160 2484 comitia

176 2506 286 2568 habita.
314 2522 372 2566 sex
386 2515 544 2582 praetores
559 2507 610 2568 illo
626 2523 706 2567 anno
721 2507 851 2582 primum
867 2509 968 2584 creati,
991 2509 1158 2568 crescenti-

174 2589 232 2650 bus
253 2589 314 2650 iam
338 2591 505 2666 provinciis
528 2599 558 2652 et
576 2591 667 2652 latius
689 2598 868 2667 patescente
888 2591 1026 2668 imperio.
1063 2591 1159 2651 creati

174 2682 275 2733 autem
299 2673 345 2733 hi:
369 2673 413 2744 ,L.
436 2671 567 2734 Manlius
591 2677 689 2734 Vulso
712 2675 742 2733 C.
765 2673 966 2752 Sempronius
985 2673 1157 2736 Tuditanus

173 2756 213 2814 Μ.
230 2755 355 2830 Sergius
372 2756 453 2817 Situs
468 2759 507 2816 Μ.
519 2759 645 2818 Helvius
660 2757 699 2818 M.
709 2757 860 2820 Minucius
875 2757 1157 2820 adfectamus.

175 2836 374 2913 Sempronius
391 2848 421 2900 et
431 2840 557 2900 Helvius
573 2857 612 2900 ex
626 2842 662 2900 iis
675 2841 790 2900 aediles
803 2843 900 2916 plebis
913 2848 1007 2902 erant.
1031 2843 1157 2902 curules

175 2921 289 2982 aediles
309 2922 511 2994 animatus
531 2925 679 2984 Thermus
700 2931 730 2984 et
743 2925 785 2983 Ti.
802 2923 1003 3002 Sempronius
1016 2925 1156 3001 Longus.

173 3003 236 3063 iudi
252 3005 380 3066 Romani
395 3023 432 3066 eo
447 3023 527 3068 anno
545 3016 651 3083 quater
664 3009 833 3068 instaurati.

255 3087 388 3149 XXVIII.
412 3089 443 3150 c.
452 3089 591 3152 Cornelio
604 3091 814 3166 etQ.Minucio
828 3091 1005 3153 consulibus
1019 3093 1158 3153 omnium

175 3172 305 3248 primum
330 3173 370 3234 de
396 3175 562 3250 provinciis
591 3177 751 3236 consulum
777 3185 1017 3252 praetorumque
1042 3185 1157 3237 actum.

175 3258 259 3332 prius
283 3257 322 3317 de
343 3257 535 3334 praetoribus
558 3266 712 3320 transacta
731 3274 797 3331 res,
820 3275 901 3336 quae
921 3259 1049 3334 transigi
1071 3266 1159 3322 sorta

175 3347 301 3414 poterat.
338 3343 456 3402 urbana
483 3341 605 3416 Sergio,
636 3345 797 3419 peregrina
825 3343 993 3406 iurisdictio
1018 3340 1159 3405 Minucio

175 3423 296 3497 obtigit3
325 3423 496 3486 Sardiniam
517 3429 640 3500 Atilius,
663 3427 796 3487 Siciliam
817 3428 963 3502 ManliuS,
984 3427 1158 3504 Hispanias
