2506 3898
263 191 380 254 nisus
390 183 644 254 Xlle11.'cAP.
658 202 702 258 as.
716 203 760 257 co.
783 201 820 272 [ι.
832 202 865 256 c.
880 204 942 272 rso]
1027 198 1089 262 295

100 345 168 405 rati
182 349 276 415 erant,
292 343 364 403 siin
381 343 530 420 proelium
544 343 642 404 hostis
657 360 718 405 non
734 345 840 407 exiret
870 347 923 407 Cn.
939 349 1090 412 Domitius
1178 409 1180 416 .

101 428 151 488 ad
173 427 397 503 explorandum
416 427 487 501 iter,
507 434 538 488 et
552 444 614 504 qna
627 435 714 504 parte
735 427 813 490 adiri
827 429 941 492 vallum
957 431 1090 494 hostium

104 516 229 587 posset,
243 511 369 586 missus,
386 517 549 586 postquam
560 511 661 576 omnia
672 519 755 572 certa
766 513 887 588 rettulit,
902 521 1028 589 postero
1040 517 1092 578 die

104 595 240 670 propius
261 600 364 654 castra
384 595 540 656 admoveri
555 595 684 670 placuit,
707 595 795 656 tertio
810 597 900 672 signa
912 598 943 660 in
958 601 1091 662 medium

102 678 211 753 campi
232 679 351 753 prolata
364 683 395 738 et
407 678 515 740 instrui
530 679 613 738 acies
629 685 740 754 coepta
754 686 810 740 est.
846 695 904 742 nec
917 682 1090 745 Antiochus

102 764 190 824 ultra
203 762 466 836 tergiversandum
477 769 570 836 ratus,
585 777 624 822 ne
635 769 666 823 et
676 777 802 824 suorum
813 765 932 826 animos
942 766 1092 829 minueret

100 845 308 906 detractando
330 851 483 906 certamen
504 851 533 906 et
546 843 681 908 hostium
701 862 790 922 spem
811 855 952 924 augeret,
973 855 1004 910 et
1021 849 1091 926 ipse

102 929 218 1004 copias
239 929 358 1002 eduxit,
379 936 494 1002 tantum
515 945 701 1006 progressus
722 933 865 992 acastris
886 939 920 993 ut
933 933 1088 996 dimicatu-

101 1029 176 1074 rum
190 1019 362 1088 appareret.

193 1096 333 1165 Romana
352 1097 434 1158 acies
456 1097 547 1158 unius
567 1112 667 1173 prope
688 1099 804 1158 iormae
820 1098 875 1159 luit
890 1105 921 1160 et
933 1099 1090 1162 hominum

100 1187 138 1242 et
149 1196 303 1242 armorum
313 1195 436 1256 genere.
460 1180 540 1242 duae
551 1181 689 1255 legiones
700 1182 867 1256 Romanae,
880 1182 960 1242 duae
972 1185 1091 1246 socium

101 1281 146 1324 ac
156 1262 255 1325 Latini
269 1264 401 1326 nominis
416 1270 517 1334 erant;
540 1265 635 1340 quina
649 1265 731 1325 milia
745 1271 776 1326 et
787 1266 1016 1342 quadringenos
1028 1269 1089 1328 sin·

101 1349 199 1423 gulae
221 1347 385 1410 habebant
417 1347 546 1409 Romani
566 1349 697 1409 mediam
719 1349 831 1424 aciem,
857 1365 974 1410 cornua
993 1351 1091 1412 Latini

100 1437 284 1494 tenuerunt:
316 1431 503 1492 hastatorum
529 1432 628 1508 prima
651 1433 754 1508 signa,
781 1433 893 1494 deinde
918 1435 1090 1510 principum

101 1523 210 1584 erant,
239 1515 332 1576 triarii
356 1521 530 1591 postremos
556 1515 747 1578 claudebant.
783 1525 869 1578 extra
893 1517 973 1578 hanc
996 1520 1090 1579 veluti

101 1599 219 1660 iustam
242 1599 337 1660 aciem
352 1615 371 1658 a
385 1606 471 1674 parte
492 1599 600 1660 dextra
615 1602 723 1661 consul
737 1599 930 1662 Achaeorum
947 1603 1089 1662 caetratis

102 1683 263 1744 immixtos
283 1683 448 1742 auxiliares
469 1683 629 1756 Eumenis,
649 1685 708 1744 tria
726 1684 808 1744 milia
827 1685 923 1744 ierme
944 1685 1088 1760 peditum,

101 1773 241 1841 aequata
264 1767 364 1827 fronte
390 1765 547 1836 instruxit;
581 1769 660 1826 ultra
679 1782 735 1828 eos
755 1767 891 1842 equitum
911 1770 1012 1830 minus
1032 1771 1090 1830 tria

102 1851 191 1911 milia
211 1850 372 1927 opposuit,
394 1865 435 1910 ex
456 1849 568 1925 quibus
583 1849 726 1911 Eumenis
749 1851 928 1925 octingenti,
952 1852 1089 1926 reliquus

102 1935 208 1996 omnis
228 1935 381 2012 equitatus
395 1934 553 1995 Romanus
574 1941 654 2002 erat3
677 1941 831 1996 extremos
845 1935 952 1994 Trallis
974 1941 1004 1994 et
1019 1935 1089 1995 Cre-

104 2017 262 2082 tensis-
277 2019 512 2095 quingentorum
536 2016 658 2093 utrique
684 2033 841 2078 numerum
867 2017 1034 2092 explebant
1047 2047 1090 2059 -—

103 2103 221 2166 statuit.
253 2107 375 2164 laevum
396 2118 492 2165 cornu
513 2118 574 2164 non
593 2101 754 2162 videbatur
771 2117 863 2178 egere
878 2102 988 2162 talibus
1004 2102 1089 2163 auxi—

103 2190 172 2262 liis,
195 2189 267 2264 quia
287 2187 401 2248 ilumen
422 2188 461 2248 ab
483 2202 521 2248 ea
539 2193 625 2263 parte
639 2186 788 2262 ripaeque
802 2185 950 2261 deruptae
966 2187 1089 2248 claude-

103 2271 196 2332 bant=
230 2279 374 2348 quattuor
398 2279 499 2332 tamen
523 2271 596 2332 inde
619 2278 736 2330 turmae
759 2271 1089 2346 equitumoppositae.

105 2351 186 2418 haec
207 2372 325 2416 summa
346 2355 504 2430 copiarum
525 2361 591 2415 erat
603 2355 767 2422 Romanis;
790 2362 820 2414 et
840 2355 901 2414 duo
917 2355 999 2414 milia
1013 2353 1090 2414 mix·

105 2439 417 2502 torumMaoedcnum
424 2437 645 2513 Thracumque,
654 2436 706 2511 qui
717 2437 872 2497 voluntate
885 2438 983 2496 secuti
994 2445 1090 2512 crant,

105 2525 265 2600 praesidio
292 2523 401 2585 castris
424 2520 522 2582 relicti
542 2528 622 2582 sunt.
659 2519 794 2581 sedecim
817 2519 996 2594 elephantos
1018 2527 1091 2594 post

105 2608 230 2674 triarios
250 2608 281 2669 in
302 2606 441 2669 subsidio
462 2606 648 2667 locaverunt.
680 2617 750 2662 narn
770 2609 984 2677 praeterquam
1006 2603 1092 2677 quod

107 2693 330 2754 mutitudinem
343 2690 497 2766 regiorum
509 2689 882 2765 elephantorum-erant
891 2691 993 2746 autam
1005 2691 1091 2760 quat-

106 2784 179 2838 tuor
200 2785 230 2838 et
250 2773 687 2854 quinquaginta—sustinere
709 2787 771 2831 non
786 2770 970 2831 videbantur
984 2785 1088 2844 posse,

108 2875 148 2920 ne
162 2861 229 2936 pari
246 2861 368 2934 quidem
383 2874 510 2921 numero
523 2856 637 2919 Indicis
651 2854 748 2914 Africi
761 2854 921 2939 resistunt,
937 2854 1004 2916 sive
1019 2854 1092 2930 quia

107 2944 471 3021 magnitudine—longe
493 2943 574 3005 enim
598 2939 641 3003 illi
665 2941 954 3015 praestant—sive
978 2937 1092 3000 robore

107 3029 281 3090 animorum
294 3027 466 3088 lincuntur.
822 3095 826 3102 Ι

193 3113 254 3173 XL.
282 3112 381 3187 Regia
394 3111 477 3172 acies
492 3110 579 3170 varia
592 3108 690 3184 magis
704 3108 806 3169 multis
820 3107 978 3184 gentibus,
1000 3105 1090 3166 dissi·

107 3197 277 3259 militudine
302 3211 456 3258 armorum
481 3194 725 3268 auxiliorumque
744 3199 819 3254 erat.
855 3191 963 3252 decem
984 3197 1014 3250 et
1034 3204 1092 3249 sex

107 3282 191 3342 nrilia
203 3281 341 3357 peditum
355 3294 441 3342 more
452 3278 654 3341 Macedonum
668 3275 775 3340 murati
789 3277 883 3350 luere,
901 3273 954 3351 qui
965 3273 1091 3368 phalan-

109 3367 191 3441 gitae
211 3366 454 3442 appellabantur.
485 3365 563 3426 haec
583 3364 684 3425 media
705 3362 789 3422 acies
810 3362 879 3434 luit,
900 3359 1090 3419 intrantem

108 3449 333 3528 decempartes
345 3449 453 3510 divisa.
472 3457 576 3532 partes
588 3463 642 3508 eas
653 3443 842 3522 interpositis
854 3441 934 3505 binis
945 3440 1090 3519 elephan-
