2482 3900
172 180 212 250 ts
326 179 443 246 nuuc
456 179 559 244 xxm.
583 179 776 252 careret
799 183 835 259 p.
850 125 993 262 uses]

172 351 210 396 eo
230 349 324 402 cursu
343 332 450 393 hostes
471 331 502 392 in
523 331 674 407 proelium
687 339 844 406 uenerunt.
879 333 988 397 dexlm
1001 335 1052 410 ala
1066 367 1098 378 -·
1120 336 1151 397 in

170 421 236 482 alas
251 417 384 479 divisum
399 417 544 479 socialem
558 416 724 488 exercitum
738 416 871 488 hahebat
884 451 919 478 τ-
933 417 963 479 in
974 417 1074 496 prima
1085 420 1152 492 acie

171 503 272 564 locata
291 506 354 569 est;
378 499 409 563 in
430 498 577 560 subsidiis
598 500 677 572 duae
691 502 848 569 Romanae
861 501 1010 578 legiones.
1038 502 1079 562 Μ.
1093 502 1151 566 Fu-

170 587 234 649 rius
255 585 383 653 dextrae
406 585 488 656 alea,
508 583 680 658 legionibus
700 583 741 647 M.
763 584 928 660 Caecilius,
949 586 1105 662 equitibus
1116 587 1152 649 L.

169 669 313 730 Valerius
347 667 477 738 Flaccus
498 700 536 714 -
555 668 647 742 legati
675 683 784 732 omnes
810 676 897 741 erant
915 703 948 714 ψ
972 671 1151 747 praepositi.

169 761 293 830 praetor
307 767 412 822 secum
427 752 508 822 duos
523 752 655 826 egatus,
678 752 707 811 c.
723 752 897 830 Laetorium
912 761 943 824 et
955 753 986 814 P.
1002 755 1152 830 Titinium,

169 837 317 912 habebat,
343 852 411 898 curn
437 835 549 912 quibus
575 836 813 912 circumspicere
831 846 863 912 et
881 838 968 913 opire
991 839 1032 915 ad
1054 839 1152 911 omnis

169 921 304 990 hostium
325 920 443 990 subitos
459 929 587 990 conatus
602 930 719 995 posset.
749 923 847 997 primo
865 922 941 996 Galli
956 923 1038 992 omni
1054 924 1151 987 multi-

126 1003 130 1012 '
169 1006 275 1068 tudine
289 1007 320 1064 in
334 1021 429 1066 unum
443 1006 544 1066 locum
559 1006 661 1070 conixi
677 1006 808 1066 obruere
823 1013 915 1083 atque
929 1007 1068 1079 obterere
1081 1023 1156 1070 sesa

171 1091 308 1155 dextram
324 1089 411 1163 alan,
435 1103 514 1164 quae
529 1089 628 1164 prima
642 1097 714 1165 erat,
736 1099 899 1166 sperarunt
913 1107 1019 1166 posse.
1055 1091 1107 1151 ubi
1121 1091 1153 1150 id

171 1190 278 1248 purum
290 1173 487 1248 procedebat,
501 1173 629 1238 circuire
641 1191 659 1234 a
670 1175 817 1244 cornibus
826 1182 856 1234 et
867 1176 1008 1250 amplecti
1019 1175 1153 1242 hostiurn

170 1258 276 1331 aciem,
293 1258 377 1334 quod
389 1256 578 1319 multitudine
590 1259 741 1330 aduersus
754 1273 870 1334 paucos
882 1260 971 1332 facile
981 1259 1151 1332 videbatur,

172 1344 272 1411 conati
288 1348 369 1404 sunt.
389 1341 421 1405 id
431 1339 484 1402 ubi
495 1342 571 1404 vidit
581 1350 712 1417 praetor,
727 1349 761 1404 ut
771 1351 802 1405 et
813 1343 882 1418 ipse
893 1343 1037 1418 dilataret¹
1045 1343 1151 1416 aciem,

171 1425 248 1496 duas
263 1426 402 1502 legiones
417 1439 457 1490 ex
471 1425 622 1492 subsidiis
635 1427 747 1498 dextra,
757 1428 906 1504 laevaque
920 1426 1003 1498 aiae,
1027 1443 1104 1504 quae
1118 1427 1152 1486 in

170 1509 269 1586 prima
293 1509 359 1574 acie
380 1509 551 1584 pugnabat,
578 1510 762 1582 eurumdem
791 1511 962 1588 aedemque
983 1510 1065 1584 [deo]
1085 1511 1151 1576 Iovi

171 1594 268 1664 vovit,
292 1591 319 1658 si
340 1608 378 1662 eo
400 1593 450 1662 die
470 1593 577 1661 hostes
594 1594 734 1662 fudisset.
766 1594 799 1654 L.
814 1593 939 1661 Valerio
954 1594 1098 1670 imperat,
1120 1602 1155 1656 ut

170 1684 258 1752 parta
269 1692 331 1738 una
343 1676 472 1743 duarum
483 1677 639 1751 legionum
647 1679 776 1752 equites,
793 1679 888 1740 altera
898 1679 1055 1756 sociorum
1066 1679 1148 1755 equi-

170 1768 265 1822 tatum
280 1761 310 1824 in
326 1776 443 1830 cornua
462 1761 595 1828 hostium
615 1761 742 1832 eatittat,
768 1777 826 1826 nec
841 1761 972 1824 circuire
985 1779 1041 1828 eoa
1056 1764 1156 1825 aciem

172 1847 311 1921 patiatur.
340 1845 430 1916 simul
450 1852 479 1915 et
500 1845 584 1919 ipse,
605 1852 640 1914 ut
659 1853 852 1920 extenuatam
872 1847 1004 1909 mediam
1019 1846 1155 1910 diductis

171 1930 317 1998 cornibus
344 1929 441 1990 aciem
461 1929 615 1990 Gallorum
635 1930 726 2002 uidit,
754 1930 843 2005 signa
861 1930 975 1994 inferre
995 1933 1154 2008 coniertos

170 2015 280 2081 milites
292 2021 322 2074 et
333 2028 532 2088 perrumpere
544 2013 668 2080 ordines
680 2013 771 2076 iubet.
788 2016 989 2081 etcomuaab
998 2013 1156 2090 equitibus

170 2107 201 2158 et
214 2097 306 2166 medii
321 2113 339 2155 a
355 2097 458 2172 pedite,
470 2097 560 2171 pulsi.
583 2113 622 2160 ec
629 2105 766 2174 repente,
782 2099 945 2162 cumomni
957 2107 1045 2174 porte
1057 2100 1157 2160 caede

170 2181 286 2258 ingemi
298 2188 515 2255 sternerentur,
533 2181 610 2242 Galli
623 2190 710 2258 terga
723 2190 888 2256 verterunt,
904 2183 1039 2260 fugaque
1053 2183 1158 2244 effusa

169 2271 312 2340 repetunt
323 2271 433 2333 castra.
455 2265 609 2340 fugientes
620 2274 802 2342 persecutus
815 2281 922 2343 equae,
934 2283 1005 2328 mox
1017 2274 1048 2331 el
1058 2267 1155 2342 legio·

169 2363 226 2408 nes
241 2348 399 2418 insecutae
410 2347 440 2410 in
456 2357 557 2416 casua
567 2351 712 2426 impetunt
724 2353 870 2412 lecerunt.
891 2351 990 2424 minus
1003 2350 1157 2420 sexmilia

169 2431 324 2502 homimum
340 2434 411 2502 inde
427 2432 615 2510 effugerunm
638 2451 731 2506 capsa
742 2443 795 2498 aut
808 2444 899 2511 cepta
909 2451 1002 2510 supra
1016 2435 1158 2512 quinque

170 2523 201 2578 et
214 2519 337 2593 triginta
356 2518 438 2579 milia
460 2535 529 2580 curn
550 2520 646 2594 signis
662 2520 841 2588 militaribus
857 2520 1050 2597 septuaginta
1057 2565 1067 2596 ,y
1088 2535 1156 2578 car-

170 2604 270 2677 pentis
287 2603 419 2676 Gallicis,
436 2605 529 2664 multa
543 2605 660 2678 praeda
674 2604 816 2679 oneratis
835 2605 902 2680 pius
918 2603 1068 2666 ducenas.
1093 2603 1156 2664 Ha·

170 2687 275 2751 miicar
289 2688 353 2746 dux
366 2687 490 2748 Poenus
505 2702 543 2748 eo
560 2687 677 2761 proelio
693 2689 812 2762 cecidit
828 2695 858 2748 et
873 2695 935 2748 tres
950 2687 1157 2762 imperatores

170 2771 289 2832 nobiles
306 2771 470 2832 Gallorum.
502 2770 668 2839 Placentini
684 2772 796 2846 captivi
811 2772 851 2832 ad
867 2771 928 2840 duo
943 2771 1026 2836 milia
1039 2771 1155 2844 litero·

169 2869 237 2912 rum
252 2852 385 2927 capittun
400 2853 511 2916 redditi
526 2855 655 2917 colonis.
678 2854 767 2917 XXII.
791 2871 904 2931 magne
916 2855 1045 2921 victoria
1059 2856 1157 2918 laeta-

171 2953 233 3012 que
252 2937 370 3001 Romae
391 2937 455 2999 luit.
490 2937 596 3000 litteris
621 2939 731 3000 adlatis
756 2939 941 3015 supplicatio
966 2939 998 2998 in
1019 2939 1158 3016 triduum

170 3021 295 3082 decreta
318 3028 375 3082 est.
412 3023 621 3090 Romanorum
643 3023 860 3098 sociorumque
879 3023 919 3089 ed
940 3023 1001 3092 duo
1017 3023 1101 3084 arilia
1116 3039 1159 3084 eo

171 3105 288 3180 proelio
305 3106 496 3180 cecideruut,
520 3106 643 3182 plurimi
656 3107 783 3169 dextrae
798 3109 879 3180 alae,
895 3107 932 3169 in
944 3123 1037 3183 quam
1053 3107 1161 3182 primo

169 3197 286 3265 impetu
298 3191 346 3253 vis
362 3191 496 3255 hostium
509 3191 618 3266 iugens
632 3191 714 3262 illota
725 3198 780 3252 cst
800 3207 1159 3271 quamquampepppae

106 3326 111 3334 .
170 3283 266 3336 torem
282 3292 380 3352 prope
398 3275 580 3345 debellatum
596 3282 674 3347 erat,
697 3275 806 3336 consul
822 3291 947 3351 quoque
962 3276 993 3336 C.
1007 3275 1162 3353 aurelius

171 3361 330 3432 perlectis,
351 3374 430 3434 quae
444 3359 561 3428 Romae
575 3359 694 3434 agenda
709 3361 840 3434 luerent,
864 3361 1020 3435 proiectus
1035 3359 1067 3424 in
1083 3359 1160 3432 cst-

171 3441 241 3502 tiam
255 3443 400 3502 victorem
416 3444 581 3504 exercitum
596 3459 615 3502 a
630 3449 771 3518 praetore
785 3443 914 3520 acecpit.
