2480 3904
209 225 271 288 ata
367 227 481 288 urana
492 226 611 287 xxxv.
635 225 719 286 ona.
731 234 774 288 41.
788 234 832 288 la.
846 226 882 304 [a.
894 231 929 283 u.
940 248 966 284 a.
977 231 1038 298 ason

210 387 273 440 tum
288 383 447 454 praeterea
461 377 493 460 l..
513 376 652 451 Quinctio
675 378 795 440 consuli
816 385 877 452 est,
899 384 932 440 ut
952 379 1030 440 duas
1050 379 1178 455 legiones

209 463 319 524 civium
333 463 540 522 Romanorum
560 476 659 521 novas
681 461 891 523 conscriberet
904 469 935 522 et
949 463 1069 523 socium
1083 479 1118 522 no
1131 463 1176 522 La-

209 547 261 607 tini
285 545 415 606 nominis
438 544 542 619 viginti
557 545 639 604 milia
654 545 791 620 peditum
806 553 836 606 et
851 545 1044 622 octingentos
1059 546 1178 623 equites.

209 646 278 690 eum
293 629 458 690 exereitum
481 629 629 703 praetori,
655 629 704 690 oui
719 628 826 690 Bruttii
846 629 1006 704 provincia
1026 629 1178 702 evenisset,

209 715 422 774 «lactaverunt.

292 796 397 858 Aedes
410 796 490 857 duae
501 797 566 858 lovi
578 812 615 858 eo
631 811 712 858 anno
727 794 757 855 in
770 795 919 871 capitolio
932 796 1095 858 dedicatae
1109 807 1177 858 sunt.

209 887 336 942 voverat
349 880 382 940 L.
398 879 509 942 Furius
529 879 679 956 Purpurio
702 885 826 956 praetor
848 879 963 940 Gallico
985 881 1067 942 bello
1091 898 1178 949 unam,

208 965 332 1026 alteram
349 966 472 1026 consul:
495 963 649 1025 dedicavit
669 963 702 1039 Q.
717 961 851 1024 Marcius
865 963 953 1024 Ralla
968 961 1120 1026 durnmvir.
1144 965 1179 1024 iu-

209 1047 291 1108 dicia
304 1049 335 1108 in
351 1048 540 1110 feneratores
555 1063 593 1110 eo
609 1063 690 1108 anno
706 1048 800 1108 multa
817 1062 926 1107 severe
941 1054 1014 1108 sunt
1028 1050 1124 1120 facta,
1138 1065 1180 1108 ac-

209 1133 389 1194 cusantibus
411 1135 546 1208 privatos
568 1131 719 1192 aedilibus
740 1131 896 1192 curulibus
915 1129 956 1190 ll
971 1132 1088 1192 Tuccio
1109 1139 1137 1192 et
1155 1132 1179 1190 P.

209 1217 295 1279 lunio
316 1217 422 1278 Bruto.
451 1218 490 1278 de
510 1217 603 1278 multa
624 1214 835 1276 damnatorum
850 1215 1019 1292 quadrigae
1034 1215 1180 1278 inauratae

188 1301 240 1360 ·.in
258 1301 405 1377 Capitolio
421 1301 555 1376 positae,
575 1307 606 1361 et
624 1299 654 1359 in
670 1301 747 1360 cella
761 1298 843 1359 lovis
859 1315 956 1376 supra
971 1300 1125 1376 fastigium
1140 1315 1180 1359 ae·

209 1386 329 1446 dioulae
342 1385 505 1450 duodecim
517 1383 616 1460 elipea
628 1383 781 1453 inaurata;
797 1390 828 1444 et
848 1383 931 1444 idem
941 1384 1096 1459 porticum
1106 1393 1181 1444 extra

208 1476 329 1545 portam
342 1466 543 1543 Trigeminam
556 1468 634 1529 inter
650 1468 796 1543 lignarios
812 1467 959 1529 lecerunt.

293 1551 380 1612 XLll.
405 1551 529 1612 latentis
550 1551 581 1611 in
602 1559 783 1626 apparatum
804 1551 876 1611 novi
896 1551 967 1612 belli
982 1552 1130 1632 Romanis
1149 1567 1180 1611 ne

210 1637 247 1695 ab
264 1633 415 1696 Antiocho
432 1635 554 1712 quidem
571 1635 758 1697 cessabatur.
788 1643 848 1696 tres
865 1651 934 1696 eum
952 1633 1093 1697 civitates
1108 1642 1179 1696 tene·

210 1720 295 1792 bant,
318 1717 451 1797 Smyrna
470 1728 501 1780 et
513 1719 701 1781 Alexandria
713 1720 809 1780 'froas
831 1725 862 1778 et
880 1719 1090 1796 Lampsacus,
1113 1735 1179 1796 quas

210 1818 310 1879 neque
324 1801 354 1863 vi
372 1819 549 1880 expugnare
570 1804 610 1864 od
632 1819 700 1864 eam
723 1803 804 1864 diem
826 1809 945 1878 poterat
966 1817 1069 1880 neque
1086 1803 1178 1865 condi-

209 1887 349 1950 cionibus
361 1888 392 1948 in
403 1887 564 1950 amicitiam
577 1888 739 1964 perlicere,
755 1901 856 1964 neque
867 1887 906 1947 ab
917 1893 1003 1962 tergo
1014 1887 1179 1963 relinquere

210 1971 351 2033 traiciens
365 1973 435 2048 ipse
449 1972 479 2031 in
492 1972 649 2049 Europam
662 1971 795 2033 volebat.
818 1970 914 2032 tenuit
927 1987 997 2032 eum
1013 1979 1044 2032 et
1057 1973 1101 2032 de
1110 1972 1178 2031 llan-

211 2057 312 2116 nibale
326 2055 513 2116 deliberatio.
536 2062 566 2116 et
579 2057 676 2131 primo
692 2071 788 2115 naves
809 2061 947 2129 apertae,
971 2070 1049 2130 quas
1067 2069 1179 2117 craneo

210 2133 360 2200 missurus
385 2141 416 2200 in
442 2139 576 2200 Africam
601 2141 713 2214 fuerat,
739 2145 874 2200 moratae
898 2145 986 2213 sunt,
1012 2139 1127 2200 deinde
1150 2153 1180 2196 an

209 2223 332 2283 omnino
354 2222 515 2282 mittendus
537 2229 622 2284 esset
642 2221 824 2284 consultatio
839 2229 921 2284 mota
936 2230 997 2296 est,
1023 2223 1181 2284 maximea

208 2305 344 2366 Thoante
363 2307 489 2379 Aetolo,
516 2306 567 2382 qui
589 2306 730 2367 omnibus
751 2307 782 2366 in
804 2307 932 2367 Graecia
952 2309 1083 2368 tumultu
1108 2323 1180 2366 com·

211 2391 299 2465 pletis
311 2390 533 2452 Demetriadem
545 2389 705 2452 adferebat
718 2390 748 2450 in
760 2397 912 2466 potestate
927 2405 1015 2465 esse,
1031 2398 1061 2450 et
1078 2391 1180 2467 quibus

210 2474 377 2537 mendaciis
393 2475 432 2535 de
445 2490 533 2550 rege,
548 2475 775 2550 multiplicando
788 2473 890 2536 verbis
906 2475 1014 2551 copias
1030 2473 1108 2550 eius,
1123 2488 1179 2533 ere·

211 2566 296 2620 xerat
310 2560 472 2621 multorum
487 2559 517 2620 in
532 2558 661 2620 Graecia
675 2558 810 2634 animos,
832 2559 932 2620 isdem
953 2566 983 2620 et
1002 2559 1086 2636 regis
1102 2572 1180 2632 spem

209 2642 351 2703 mllabots
379 2643 513 2703 omniurn
534 2645 613 2704 votis
634 2659 704 2704 eum
723 2643 858 2712 arcessi;
881 2658 1067 2704 concursum
1088 2643 1129 2703 ad
1142 2642 1179 2700 lit-

209 2735 276 2786 tora
297 2729 443 2799 futurum,
469 2727 551 2788 unde
573 2729 703 2789 classem
726 2727 841 2802 regiam
863 2727 1111 2804 prospexissent
1138 2725 1180 2784 hio

209 2807 292 2868 idem'
311 2825 405 2870 ausus
426 2810 465 2869 de
485 2809 654 2872 Hannibale
675 2818 723 2872 ost
743 2827 868 2874 movere
888 2810 1068 2873 sententiam
1090 2823 1180 2888 prope

210 2892 269 2951 iam
281 2899 394 2952 certam
405 2893 496 2968 regis.
519 2911 589 2955 narn
600 2911 701 2971 neque
713 2895 919 2957 dimittendam
932 2903 1051 2971 partam
1063 2895 1179 2956 navium

209 2991 228 3033 a
243 2977 344 3036 classe
358 2978 443 3052 regia
458 2979 617 3053 censebat,
633 2995 734 3054 neque
749 2980 776 3040 si
790 2980 954 3040 mittendae
967 2995 1064 3041 naves
1079 2981 1178 3046 forent,
1218 3009 1219 3042 n

209 3061 309 3120 minus
325 3076 509 3137 quemquam
524 3063 552 3122 ei
572 3063 664 3124 classi
686 3079 777 3138 quarn
791 3064 992 3125 Hannibalern
1007 3063 1179 3140 pmefieien·

209 3144 291 3204 dum.
324 3146 463 3206 exsulem
484 3147 567 3207 illum
587 3154 616 3207 et
634 3146 769 3207 Poenum
790 3163 877 3222 esse,
898 3149 947 3208 cui
965 3147 1048 3208 mille
1068 3146 1097 3208 in
1120 3146 1179 3206 dies

209 3244 291 3288 nova
305 3229 434 3289 consilia
448 3231 497 3289 vel
512 3231 634 3290 fortuna
646 3247 704 3292 sua
718 3231 767 3291 vel
783 3230 937 3306 ingenium
956 3238 1065 3307 posset
1077 3233 1180 3290 lacere.

209 3319 239 3373 et
253 3310 352 3389 ipsam
367 3329 434 3373 eam
450 3313 577 3388 gloriam
590 3314 677 3389 belli,
696 3331 757 3390 qua
771 3315 854 3374 velut
869 3315 941 3376 dote
950 3314 1101 3376 Hannibal
1114 3327 1179 3372 con·

210 3397 341 3471 oilietur,
358 3397 480 3458 nimiam
494 3397 524 3456 in
544 3399 699 3472 praefecto
714 3399 800 3473 regio
817 3413 897 3459 esse.
920 3414 1025 3474 regern
1039 3393 1180 3472 conspici,

209 3493 312 3548 regem
333 3497 423 3540 unum
447 3481 570 3554 ducem,
596 3499 690 3542 unum
710 3483 924 3557 imperatorem
944 3483 1042 3544 videri
1063 3481 1178 3544 debere.
