2482 3900
160 243 202 306 Ὦ
313 241 429 304 LIBER
442 241 546 302 XXXI.
570 239 652 300 cAP.
668 245 711 300 25.
723 245 766 302 26.
786 246 823 313 [a.
836 244 871 299 U.
883 261 907 298 e.
917 245 981 312 552]

160 394 373 456 oonsultabarlt
387 392 517 452 debelto
530 391 680 452 adversus
691 391 798 451 Nabim
811 398 975 470 tyrannum
986 391 1141 453 Lacedae-

159 479 340 551 morionum,
356 477 409 552 qui
422 477 530 536 balatu
545 475 672 550 inuenio
685 474 955 551 aPiriloposmene
969 474 1010 535 ad
1021 475 1143 556 cyrus-

158 558 872 636 dars,nequaquam'paremilliduoemdilstpsa
882 559 1143 620 oerndnsrtehae-

159 659 247 708 orum
256 640 1144 719 suaittarsdmtognavsrsabellum,agrosqoounitiniorum

157 729 308 802 vastabat,
324 734 355 788 et
366 728 428 788 istu
442 727 570 788 rubibus
583 735 712 802 quoque
726 733 792 786 erat
805 726 958 787 terribilis„
987 727 1143 789 adversus

158 813 240 874 litate
264 812 383 873 boumn
407 819 479 870 mant
497 816 646 886 quantum
667 825 706 870 ex
729 822 853 886 quaque
873 811 994 872 civitate
1010 811 1143 873 militum

159 895 343 958 scriberetur
368 894 594 967 oonsultarent,
622 891 781 968 Philippus
809 895 1003 970 denaouunm
1026 905 1065 956 se
1095 895 1142 956 eis

158 991 273 1055 aurant,
288 980 373 1055 quod
386 977 428 1038 ad
441 976 547 1037 Nabim
563 984 594 1036 et
607 977 870 1040 Luoedaemonios
885 979 1032 1052 attineret,
1050 980 1141 1054 polli-

158 1065 247 1137 oitus,
262 1075 321 1124 nee
334 1069 450 1123 unuin
465 1071 557 1136 agros
570 1061 728 1122 sociorum
739 1061 992 1138 populationibus
1002 1063 1142 1139 ambibi·

157 1156 272 1222 turum,
296 1147 356 1207 sed
377 1153 526 1208 tutorem
552 1157 673 1206 omnem
694 1144 765 1205 belli
785 1146 816 1205 in
837 1146 938 1222 ipram
956 1147 1142 1210 usoonioam

159 1235 252 1294 duoto
265 1247 305 1292 eo
321 1231 477 1306 emeonuio
492 1229 629 1290 exuuitu
643 1230 829 1290 buturum.
864 1229 942 1292 base
954 1231 1053 1293 oratio
1070 1245 1141 1294 oum

157 1316 271 1392 ingenti
286 1317 424 1376 adsensu
433 1314 590 1376 bominum
602 1313 801 1390 ominamur,
816 1313 880 1389 „ita
891 1320 993 1376 tannen
1005 1331 1140 1391 aequum

157 1399 225 1462 e'st“
238 1400 339 1475 inquit
356 1412 426 1472 „me
439 1406 544 1459 vestra
557 1399 633 1459 meis
648 1399 742 1459 umis
755 1399 861 1474 tutari,
885 1413 924 1460 ne
936 1415 1007 1459 mee
1020 1399 1137 1462 interim

156 1485 310 1546 nudentur
324 1481 499 1558 praesidiis
532 1481 795 1557 lurnesianus
809 1483 938 1558 videtur,
953 1490 1069 1544 tanturn
1084 1500 1137 1560 pa·
1232 1555 1233 1572 ᾖ

155 1575 221 1628 rate
241 1567 381 1640 militum,
402 1569 551 1642 quantuni
573 1563 612 1625 ad
624 1564 738 1627 Oreum
752 1574 783 1627 et
796 1565 973 1628 chalcidem
988 1574 1019 1628 et
1033 1567 1139 1628 (lorin-

155 1650 241 1711 tlium
264 1651 380 1710 tuenda
403 1650 479 1710 sotis
504 1649 558 1722 sit,
584 1657 617 1710 ut
638 1650 717 1710 meis
742 1651 782 1710 ab
808 1657 894 1726 tergo
914 1652 988 1712 tutis
1007 1663 1139 1712 securus

155 1733 268 1794 bellum
288 1733 398 1793 Nabidi
426 1733 554 1793 inieram
574 1741 605 1794 et
624 1733 908 1795 Laoedsernoniis.“
945 1752 1007 1798 non
1033 1735 1142 1796 ielellit

156 1818 380 1893 debeonequo
391 1825 565 1891 spectasset
575 1825 636 1877 tam
648 1817 780 1893 benigna
790 1818 1139 1894 pollioiuuoauxilium·

157 1915 217 1976 que
232 1902 366 1962 oblatum
382 1901 531 1961 aduersas
546 1901 825 1963 Lacedaemonios=
844 1901 878 1964 id
894 1903 1013 1979 quaeri,
1034 1909 1070 1964 ut
1084 1903 1139 1965 ob·
1233 1941 1234 1944 =

156 1985 254 2046 sidem
275 1984 471 2045 Achaeorum
492 1985 677 2046 iuventutem
701 1985 847 2047 edueoret
867 2002 906 2046 ox
920 1987 1139 2063 Peloponneso

156 2067 196 2130 sd
217 2067 393 2142 illigandam
408 2070 546 2129 Miseno
563 2069 643 2129 bellu
656 2077 789 2143 gentem.
817 2076 848 2130 et
862 2070 894 2131 id
909 2071 1034 2146 quiden
1049 2083 1139 2133 soar·

155 2165 250 2227 guero
265 2152 428 2229 cycliadas
449 2159 574 2227 praetor
593 2153 787 2213 Aetnaeorum
807 2153 881 2213 nihil
902 2154 1029 2216 attinere
1042 2162 1139 2230 ratus,

155 2234 186 2293 id
200 2235 293 2293 modo
315 2251 384 2294 oum
398 2235 544 2308 dixisset,
566 2251 627 2297 non
644 2237 738 2297 liuere
752 2237 871 2312 legibus
886 2237 1083 2300 thaeorum
1098 2239 1139 2300 de

155 2318 222 2377 aliis
243 2317 336 2378 rebus
356 2319 472 2378 reterre
495 2331 586 2395 quant
608 2327 736 2396 propter
750 2337 828 2396 quas
844 2325 1006 2384 oonvboati
1021 2330 1137 2398 essent,

154 2401 279 2462 decreto
301 2403 340 2462 de
360 2404 499 2464 exercitu
520 2406 659 2479 parando
677 2405 828 2466 adversus
843 2406 952 2467 Nabim
967 2409 1047 2470 laeto
1062 2423 1137 2467 eon·

154 2487 255 2547 uilium
269 2489 385 2548 fortiter
396 2488 539 2550 aelthere
551 2489 686 2550 habitum
697 2489 819 2562 dimisit,
830 2490 911 2552 inter
921 2492 1137 2554 adsentatores

152 2573 256 2647 regios
273 2578 343 2632 ante
358 2588 425 2632 earu
440 2573 520 2633 diem
535 2573 665 2634 habitus.
698 2573 867 2654 Philippus,
882 2591 994 2650 magna
1009 2591 1067 2651 spe
1082 2573 1137 2635 de-

153 2657 272 2733 prdsus,
287 2657 467 2718 voluntariis
484 2659 591 2732 pauois
606 2658 750 2718 militibus
763 2659 945 2734 conseriptis
959 2657 1137 2720 corinthum

153 2746 245 2814 atque
260 2739 290 2798 in
305 2741 435 2800 Attioam
449 2747 560 2800 terram
574 2742 673 2802 rediit.

235 2821 342 2880 XXVI.
362 2821 419 2882 Per
429 2839 485 2884 eos
500 2825 588 2898 ipsos
599 2825 667 2884 dies
679 2824 792 2899 quibus
803 2823 963 2902 Philippus
974 2827 1005 2885 in
1017 2826 1138 2888 Achaia

152 2904 217 2977 luit,
233 2903 383 2965 Philocles
399 2907 573 2980 praetentus
587 2908 691 2981 regius
702 2922 743 2968 ex
752 2907 880 2970 Euboea
894 2913 1053 2986 proleotus
1064 2921 1136 2973 eum

152 2987 275 3048 duobus
300 2988 422 3050 milibus
436 2989 584 3051 Thracum
599 2990 865 3070 Maeedonumnue
887 2995 926 3056 ad
941 2995 1135 3070 depopulan-

150 3070 210 3131 dos
225 3069 456 3134 Atheniensium
476 3075 555 3134 lines
576 3075 702 3150 regione
715 3075 868 3138 Eleusinis
889 3080 1000 3140 saltem
1015 3077 1135 3139 citlrae·

150 3155 235 3216 ronis
250 3157 454 3227 transeundit3
476 3159 547 3218 inde
562 3159 685 3220 dimidia
696 3167 782 3237 parte
792 3161 919 3224 nlilitum
930 3162 971 3223 ad
981 3162 1134 3238 praedan-

151 3239 223 3298 dum
244 3240 359 3314 passim
382 3255 438 3317 per
451 3257 544 3318 agros
559 3243 700 3319 dimissa,
721 3256 792 3306 oum
807 3253 894 3321 parte
909 3247 978 3323 ipse
991 3248 1133 3308 ooeuttus

151 3324 219 3382 loeo
241 3325 280 3384 ad
296 3325 424 3386 insidias
440 3334 614 3402 opportuno
630 3329 785 3405 consedit,
806 3337 839 3391 ut
853 3331 880 3391 si
895 3345 934 3390 ex
949 3332 1078 3392 castello
1094 3329 1133 3391 ab

149 3405 292 3467 Eleusine
307 3409 336 3467 in
353 3409 530 3482 praedantis
546 3422 620 3474 suos
636 3413 767 3488 impetus
783 3413 879 3486 fieret,
894 3422 1021 3490 repente
1032 3413 1132 3475 hostis

150 3486 268 3549 eilusos
290 3506 329 3549 ex
350 3492 518 3568 improviso
539 3495 720 3557 adoriretur.
749 3513 811 3556 non
832 3498 967 3558 ieleltere
989 3497 1131 3558 insidiae.
