2480 3904
238 196 485 257 amnaxxxu
510 194 878 270 CAP.45.46.[a.c.1ot]
985 191 1046 254 ata

82 361 176 420 regem
187 357 233 424 ut,
255 349 413 424 quoniam,
435 347 518 422 quod
539 346 703 406 maximum
723 346 827 418 fuerit,
848 345 917 420 lpse
931 344 1045 404 vindex

81 429 219 490 Graeciae
230 433 363 505 venerit,
378 432 485 506 copias
501 445 626 504 quoque
636 430 789 490 terrestris
804 430 987 504 navalisque
999 445 1046 488 ar-

81 521 183 572 cessat.
211 521 356 576 armatum
375 529 480 589 regern
501 514 615 589 aliquid
636 513 879 588 impetraturum
901 513 1046 574 inermem

80 612 135 655 non
150 613 203 666 pro
217 599 333 659 Aetolis
349 599 457 671 modo,
484 599 540 658 scd
559 613 599 656 ne
620 613 675 672 pro
697 613 732 658 se
753 597 877 672 quidem
897 597 967 671 ipso
982 611 1046 656 mo·

80 679 163 740 menti
177 679 268 740 ullius
283 682 413 742 futurum
428 682 512 757 apud
521 683 688 742 Romanos.
707 679 787 742 hacc
794 680 867 740 vicit
879 681 1045 748 sementim

80 763 346 839 imperatoremque
366 781 470 840 regem
490 765 706 840 appellandum
727 771 926 839 censuerunt,
948 771 979 824 et
994 763 1045 822 tri·

79 847 155 920 ginta
179 847 349 922 principes,
377 862 444 908 cum
470 843 582 924 quibu’s
608 849 635 908 sl
657 864 717 924 qua
737 851 827 908 vellet
849 848 1044 919 consultaret,

80 930 258 1006 delegerunt.
773 997 780 1016 ⁸

153 1013 257 1074 XLVI.
279 1015 323 1074 lta
337 1015 464 1076 dimisso
486 1016 616 1076 concillo
635 1014 793 1074 multitudo
812 1014 911 1075 omnis
926 1015 956 1074 in
972 1031 1046 1076 suas

79 1096 205 1158 civitates
219 1097 341 1173 dilapsa
351 1107 408 1159 est.
422 1115 478 1160 rcx
489 1107 615 1174 postero
627 1099 677 1158 dic
690 1113 757 1160 cum
769 1097 918 1172 apocletis
931 1113 1046 1171 eorum,

80 1181 278 1242 audebellum
294 1182 458 1254 ordiretur,
480 1181 681 1243 consultabat
712 1181 858 1256 optimum
877 1182 977 1244 visum
999 1189 1047 1242 est

80 1263 257 1340 Chalcidem,
280 1267 392 1328 trustra
406 1267 445 1326 ab
460 1267 578 1328 Aetolis
592 1281 691 1341 nuper
705 1272 894 1340 temptatam,
917 1266 1046 1340 primum

79 1346 210 1422 adgredir
242 1355 275 1408 et
299 1349 452 1410 celeritate
476 1351 574 1425 magis
599 1351 628 1411 in
650 1365 718 1410 eam
738 1365 803 1410 rem
825 1361 915 1424 quam
935 1364 1045 1424 magno

80 1438 181 1491 conatu
198 1439 229 1492 ct
242 1439 396 1508 apparatu
410 1449 489 1507 opus
501 1449 582 1494 esse.
605 1434 708 1507 itaque
719 1449 788 1494 cunr
800 1433 880 1492 mille
893 1433 1046 1507 peditibus

79 1527 140 1586 rex,
153 1511 203 1588 qui
216 1513 257 1574 ab
269 1515 465 1576 Demetriade
476 1513 574 1576 secuti
584 1522 684 1585 crant,
705 1515 863 1589 protectus
874 1529 930 1588 per
939 1507 1047 1572 Phoci·

79 1595 140 1656 dem
154 1603 217 1668 est3
240 1603 275 1658 et
292 1596 352 1658 alio
372 1596 480 1660 itinere
491 1595 646 1674 principes
658 1596 761 1658 Aetoli
772 1595 923 1658 iuniorum
937 1594 1046 1670 paucis

78 1678 205 1742 evocatis
217 1681 260 1742 ad
273 1681 482 1744 Chaeroneam
494 1687 702 1755 occurrerunt,
720 1688 751 1742 et
761 1681 869 1742 decem
881 1676 1047 1740 constrab‘s

14 1805 16 1822 ,
79 1759 195 1820 navibus
210 1761 309 1820 secuti
324 1767 404 1822 sunt.
426 1775 482 1820 rex
496 1761 536 1820 ad
551 1759 703 1835 Salganea
717 1761 825 1822 castris
844 1760 970 1836 positis,
991 1775 1044 1819 na-

15 1841 16 1854 *
79 1839 157 1902 vibus
170 1843 239 1918 ipse
257 1859 326 1902 cum
348 1843 537 1920 principibus
551 1844 729 1904 Aetolorum
743 1843 890 1918 Euripum
911 1843 1044 1913 traiecit;

78 1931 184 1986 etcum
205 1926 290 1988 haud
311 1929 419 2002 procul
445 1933 535 2003 portu
559 1943 705 2001 egressus
726 1934 825 1997 esset,
850 1927 1045 2000 magistratus

79 2023 192 2084 quoque
206 2009 454 2084 Chalcidensium
468 2018 499 2072 et
513 2011 666 2087 principes
688 2017 758 2070 ante
778 2017 897 2086 portam
918 2024 1042 2084 proces·

78 2101 180 2154 serunt.
212 2095 305 2170 pauci
328 2094 480 2169 utrimque
505 2095 542 2155 ad
568 2095 754 2170 colloquium
779 2093 939 2169 congressi
964 2099 1044 2152 sunt.

79 2176 167 2236 Aetoli
181 2193 371 2263 magnopere
385 2179 530 2250 suadere,
547 2186 579 2240 ut
594 2181 681 2240 salva
693 2179 900 2240 Romanorum
915 2177 1046 2237 amicitia

79 2272 169 2331 regem
185 2277 312 2338 quoque
326 2261 523 2322 adsumerent
536 2263 654 2324 socium
667 2270 759 2338 atque
776 2262 921 2322 amicum:
944 2275 1045 2336 neque

78 2341 232 2405 enimcum
249 2345 398 2406 inserendi
413 2345 484 2406 belli
495 2346 551 2406 scd
562 2346 737 2406 liberandae
749 2345 896 2406 Graeciae
908 2361 1003 2406 causa
1014 2347 1044 2404 in

78 2423 222 2502 Europam
237 2428 412 2500 traiecisse;
438 2435 469 2488 et
488 2429 664 2490 liberandae
683 2443 732 2500 re,
758 2446 820 2490 non
834 2429 938 2488 verbis
959 2436 990 2488 et
1003 2427 1044 2488 si-

78 2511 249 2586 mulatione,
275 2513 359 2586 quod
384 2513 530 2572 iecissent
549 2513 688 2574 Romani.
721 2511 795 2572 nihil
820 2517 921 2571 autem
940 2509 1043 2570 utilius

77 2591 214 2657 Graeciae
229 2595 402 2657 civitatibus
418 2611 490 2656 esse
505 2612 595 2672 quam
610 2602 771 2670 utramque
792 2593 953 2668 complecti
971 2592 1044 2652 ami-

77 2675 182 2737 citiama
204 2681 248 2740 ita
262 2679 341 2739 enim
356 2680 395 2740 ab
409 2679 570 2756 utriusque
589 2679 697 2738 iniuria
713 2685 805 2738 tutam
820 2676 944 2738 alterius
965 2692 1044 2736 sem·

77 2773 125 2830 per
138 2762 293 2836 pracsidio
308 2770 339 2823 et
352 2763 465 2824 fiducia
481 2765 555 2826 lora.
577 2780 646 2824 nam
667 2763 694 2822 si
715 2777 777 2822 non
791 2761 984 2836 recepissent
997 2776 1044 2820 re·

76 2856 152 2916 geru,
174 2845 329 2918 viderent,
351 2847 424 2922 quid
446 2846 622 2922 patiendum
641 2846 678 2906 iis
693 2847 847 2922 extemplo
862 2847 955 2920 toret,
977 2861 1046 2913 curn

77 2923 276 2990 Romanorum
291 2931 399 3006 procul
413 2931 572 3005 auxilium,
588 2931 686 2992 hostis
699 2929 887 3004 AntioclruS,
905 2930 955 3004 cui
969 2930 1045 2990 resi-

76 3013 231 3076 steresuis
247 3013 362 3077 viribus
377 3031 437 3076 non
451 3022 592 3090 possent,
607 3022 793 3090 anteponas
805 3021 898 3074 esset.
918 3013 1046 3074 adhaec

16 3129 22 3143 a
76 3088 230 3172 Micythio,
253 3114 333 3160 unus
354 3113 395 3158 ex
415 3099 620 3174 principibus,
642 3097 743 3158 mirari
763 3115 799 3159 se
819 3098 897 3158 dixit
910 3099 950 3158 ad
966 3113 1045 3172 quos

77 3173 246 3241 liberandos
256 3181 427 3242 Antiochus
441 3182 547 3246 relicto
561 3197 656 3257 reguo
672 3197 729 3242 sno
745 3183 775 3242 in
786 3183 942 3256 Europam
956 3180 1044 3240 traic

77 3257 177 3324 cissct=
200 3265 313 3326 nuliam
328 3265 408 3328 enim
429 3265 578 3330 civitatem
594 3281 629 3326 se
645 3265 675 3324 in
691 3265 820 3326 Graecia
833 3279 944 3336 nosse,
966 3277 1045 3337 quac

77 3351 123 3402 aut
136 3348 323 3419 praesidium
337 3347 462 3424 habeat,
483 3357 536 3410 aut
555 3347 739 3424 stipendium
754 3348 901 3410 Romanis
923 3345 1045 3420 pendat,

80 3431 124 3486 tut
138 3429 262 3492 loedere
277 3432 382 3508 iniquo
398 3433 530 3508 adligata
545 3449 622 3508 quas
640 3433 716 3494 nolit
729 3433 814 3508 leges
828 3430 968 3507 patiatur.
991 3429 1043 3490 ita-
