2506 3898
235 237 353 298 LIBER
364 237 511 301 XXXVII.
535 241 618 302 cAP.
628 251 672 305 34.
684 250 728 306 35.
752 249 788 318 [a.
801 250 833 303 0.
847 251 910 319 leo]
1002 245 1063 310 ι291

79 395 183 450 castra
206 396 332 450 venerat
349 389 517 466 Byzantius
538 391 732 469 Heraclides,
762 394 803 456 de
822 411 900 471 pace
921 397 1064 459 adferens

78 473 240 542 mandata;
263 489 354 548 quam
368 475 589 550 impetrabilem
600 477 666 538 lore
677 493 818 554 magnam
829 481 857 539 el
869 495 956 554 spem
969 483 1066 542 attulit

80 572 169 617 mora
190 562 220 616 et
240 557 391 618 cunctatio
406 558 629 636 Romanorum,
652 577 748 637 quos,
768 563 860 624 simul
873 564 979 624 Asiam
997 567 1063 625 atti-

81 641 217 715 gissent,
238 639 339 702 effuso
360 641 481 717 agmine
502 644 542 704 ad
556 651 657 706 castra
670 645 755 722 regia
768 647 866 708 ituros
881 647 1063 709 crediderat.

82 724 190 785 statuit
208 731 309 785 tamen
330 742 392 788 non
412 727 500 802 prius
517 729 675 789 consulem
690 729 776 790 adice
791 745 883 806 quam
896 731 929 794 P.
945 731 1063 808 Scipio·

81 823 170 879 nem3
192 813 223 868 et
236 809 278 870 ita
291 810 467 871 mandatnm
478 811 517 871 ab
527 829 600 888 rege
612 821 686 873 erat.
708 815 739 874 in
752 831 789 875 eo
800 817 963 876 maximam
974 833 1063 892 spem

79 891 229 968 habebat,
250 900 464 971 praeterquam
486 897 570 971 quod
587 906 618 959 et
630 899 805 974 magnitudo
821 899 912 960 animi
926 906 957 960 et
971 901 1061 962 satie-

79 984 127 1036 tas
149 977 265 1051 gloriae
286 978 465 1061 placabilem
488 995 557 1040 eum
578 981 709 1042 maxime
728 983 873 1060 iaciebat,
894 991 1063 1061 notumque

78 1067 146 1120 erat
165 1061 323 1137 gentibus,
346 1063 398 1138 qui
420 1062 520 1124 victor
538 1064 589 1124 ille
609 1064 638 1124 in
653 1065 816 1142 Hispania,
837 1067 889 1141 qul
905 1069 1016 1128 deinde
1031 1069 1062 1128 in

78 1145 186 1207 Africa
205 1145 328 1219 luisset,
350 1147 440 1207 etiam
461 1148 545 1222 quod
562 1149 643 1208 filius
658 1150 725 1211 eius
740 1159 848 1227 captus
863 1151 893 1210 in
909 1159 1062 1226 potestate

75 1228 161 1304 ragis
177 1237 250 1290 erat.
278 1229 305 1290 is
319 1229 374 1290 ubi
388 1237 419 1292 et
433 1232 558 1306 quando
573 1239 604 1293 et
618 1250 679 1308 quo
695 1249 771 1294 casu
786 1241 894 1310 captus
909 1235 962 1309 sit,
983 1235 1064 1296 sieut

78 1314 230 1388 pleraque
245 1312 313 1387 alia,
329 1329 438 1390 parum
453 1315 531 1376 inter
543 1324 684 1378 auctores
697 1325 826 1379 constat.
848 1318 898 1378 alii
911 1319 1062 1394 principio

77 1397 160 1469 belli,
175 1396 348 1458 achaleide
361 1396 472 1460 Oreum
486 1407 649 1475 petentem,
665 1402 904 1462 circumventum
919 1403 958 1463 ab
968 1403 1061 1478 regiis

79 1479 211 1541 navibus
231 1480 372 1552 tradunt3
395 1482 460 1556 alii,
482 1490 645 1560 postquam
667 1486 824 1548 transitum
838 1486 868 1544 in
882 1487 989 1547 Asiam
1005 1495 1062 1563 est,

81 1579 150 1624 cum
160 1569 260 1626 turma
269 1564 448 1639 Fregellana
457 1569 585 1628 missum
598 1569 790 1644 exploratum
801 1570 842 1629 ad
852 1570 937 1645 regia
949 1578 1058 1642 castra,

81 1647 181 1708 effuso
197 1647 319 1710 obviam
334 1650 470 1724 equitatu
484 1667 551 1712 cum
565 1653 717 1728 reciperet
729 1669 816 1727 sese,
833 1654 863 1714 in
880 1670 917 1716 eo
932 1656 1060 1723 tumultu

82 1732 244 1808 delapsum
268 1747 308 1792 ex
329 1747 425 1808 equo,
451 1750 520 1795 cum
545 1735 667 1797 duobus
692 1737 844 1812 equitibus
866 1753 1061 1814 oppressum,

82 1817 123 1876 ita
136 1817 177 1877 ad
196 1832 301 1892 regem
322 1815 487 1878 deductum
508 1833 588 1879 esse.
619 1819 695 1881 illud
710 1822 785 1882 satis
801 1829 935 1896 constat,
956 1822 984 1882 si
999 1839 1062 1896 pax

81 1915 150 1962 cum
166 1903 282 1976 populo
296 1901 435 1963 Romano
453 1910 589 1965 maneret
601 1903 829 1979 hospitiumque
844 1906 982 1980 privatim
996 1906 1062 1979 regi

81 1999 149 2044 eum
166 1984 363 2060 Scipionibus
378 1993 476 2060 essct,
498 2001 600 2062 nequa
612 1987 769 2048 liberalius
785 2003 886 2063 neque
899 1988 1061 2063 benignius

80 2067 185 2128 haberi
206 2069 327 2145 colique
341 2069 582 2144 adolescentem,
606 2087 698 2146 quarn
713 2073 811 2133 cultus
827 2079 888 2145 est,
912 2073 1060 2147 potuisse.

80 2152 119 2213 ob
133 2152 211 2212 haee
227 2169 296 2214 cum
309 2153 473 2216 adventum
487 2154 520 2214 P.
533 2153 686 2231 Scipionis
702 2157 820 2232 legatus
837 2164 1060 2232 exspectasset,

80 2237 132 2296 ubi
146 2237 174 2297 is
188 2237 286 2313 venit,
308 2241 465 2299 consulem
477 2239 540 2300 adit
553 2240 704 2316 petitque,
727 2248 761 2300 ut
776 2240 918 2300 mandato
932 2241 1060 2302 audiret.

79 2319 200 2380 XXXV.
222 2321 374 2383 advocato
396 2323 548 2399 hequonti
563 2325 691 2384 consilio
705 2326 796 2400 legati
811 2325 906 2384 verba
921 2333 993 2385 sunt
1007 2341 1061 2385 au·

80 2404 152 2465 dita.
180 2403 223 2478 is,
245 2405 347 2466 multis
368 2414 437 2468 ante
459 2407 662 2482 legationibus
677 2409 863 2482 nequiquam
875 2409 954 2468 ultro
971 2410 1045 2468 citro

81 2503 141 2564 que
157 2489 196 2548 de
216 2504 295 2564 pace
308 2487 427 2563 missis,
450 2506 519 2550 eam
533 2490 633 2565 ipsam
646 2491 790 2550 fiduciam
804 2491 986 2564 impetrandi
1001 2491 1060 2550 sibi

78 2587 151 2638 esse
167 2572 257 2648 dixit,
274 2573 360 2649 quod
374 2573 494 2650 priores
508 2575 599 2649 legati
612 2573 687 2634 nihil
701 2575 925 2648 impetrassent.
955 2571 1062 2650 Smyr-

78 2672 150 2716 nam
165 2657 244 2716 enim
259 2664 290 2718 et
302 2657 507 2734 Lampsacum
521 2665 551 2718 et
564 2657 781 2718 Alexandriam
793 2655 944 2716 'troadem
959 2663 989 2716 et
1000 2657 1061 2732 Ly·

78 2739 258 2801 simachiam
269 2741 299 2800 in
309 2739 434 2818 Europa
445 2742 571 2803 iactatas
584 2741 614 2802 in
623 2742 681 2801 illis
694 2739 966 2816 disceptationibus
979 2755 1061 2800 csse.

79 2841 209 2900 quarum
223 2825 420 2903 Lysimachia
439 2825 498 2886 iam
514 2826 649 2886 cessisse
663 2839 783 2900 regem,
805 2840 844 2884 ne
860 2823 933 2900 quid
947 2824 1062 2886 habere

78 2924 152 2970 eunt
171 2908 201 2967 in
216 2909 341 2984 Europa
364 2909 516 2980 dicerent;
538 2925 592 2970 eas
613 2925 693 2985 quae
712 2909 744 2968 in
758 2909 834 2970 Asia
848 2909 910 2970 sint
924 2908 1062 2970 civitates

78 2992 204 3052 tradere
219 3002 356 3068 paratum
372 3009 452 3069 esse,
468 3001 498 3055 et
511 2994 538 3054 si
554 3010 632 3068 quas
647 2992 723 3054 alias
738 2992 875 3068 Romani,
892 2994 976 3068 quod
991 3009 1061 3054 sua-

78 3093 149 3136 rum
170 3077 301 3152 partium
321 3077 448 3151 luerint,
470 3076 626 3138 vindicare
645 3077 684 3136 ab
703 3077 832 3154 imperio
852 3078 938 3151 regio
959 3077 1062 3136 velint.

78 3161 241 3236 impensae
255 3176 381 3237 quoquo
393 3161 423 3220 in
433 3160 546 3222 bellum
557 3161 656 3221 tactae
666 3169 783 3236 partem
793 3160 947 3221 dimidiam
957 3175 1062 3234 regern

77 3251 306 3319 praestaturum
331 3246 446 3320 populo
474 3245 624 3306 Romano.
662 3243 722 3304 hae
748 3241 947 3305 condiciones
976 3250 1063 3303 erant

77 3328 182 3403 pacis:
204 3329 324 3404 reliqua
339 3327 435 3389 oratio
451 3328 513 3403 luit,
533 3334 568 3388 ut
580 3343 732 3389 memores
747 3343 848 3389 rerum
860 3325 1062 3387 humanarum

76 3419 109 3474 et
123 3428 200 3474 suae
225 3413 365 3473 fortunae
389 3412 622 3474 moderarentur
646 3417 677 3472 et
695 3412 826 3472 alienam
846 3425 885 3470 ne
905 3417 1060 3484 urgerent.

77 3497 199 3558 linirent
207 3495 333 3572 Europa
347 3494 524 3571 imperium
545 3495 577 3556 id
593 3511 716 3572 quoque
730 3495 911 3616 immensum
926 3509 1014 3566 esse;
1029 3501 1060 3556 at
