2480 3904
193 215 257 280 252
333 215 448 276 LIBER
465 213 600 274 xxxvl.
623 211 818 274 CAPAE-M.
840 215 877 284 [ι.
890 215 927 267 U.
939 215 1038 282 adol]

195 369 266 443 bus,
279 383 371 444 quam
382 365 584 444 purgantibus
596 381 642 440 ea,
650 365 690 424 dc
701 365 813 441 quibus
825 364 1041 440 arguebantur,
1048 381 1182 441 respon·

196 470 267 516 sum
281 452 385 514 datum
401 458 457 524 cst,
473 465 534 526 quo
549 447 670 510 veniam
685 449 877 523 impetrasse,
892 463 955 509 non
966 463 1094 510 causam
1110 466 1179 525 pro

197 537 292 599 basse
309 534 408 596 videri
427 540 566 609 possent.
602 540 634 593 et
654 531 784 607 Philippi
803 531 887 607 regis
906 531 998 607 legati
1020 532 1078 592 sub
1099 531 1182 594 idem

198 635 319 696 tempus
334 619 365 678 in
380 624 519 679 senatum
533 615 712 690 introducti,
727 617 916 691 gratulantes
930 617 970 676 de
983 617 1123 677 uictoria
1146 617 1183 676 iis

200 703 389 782 petentibus,
408 709 443 762 ut
462 699 522 762 sibi
540 699 718 761 sacrificare
737 699 769 760 in
784 698 933 774 capitolio
948 700 1131 775 donumque
1145 716 1184 760 ex

199 801 274 848 auro
288 787 394 847 liceret
407 801 524 861 ponere
537 785 569 846 iu
583 783 662 844 aede
677 783 760 844 loris
776 782 883 858 optimi
897 783 1036 860 maximi,
1052 783 1179 860 permis

199 887 268 932 snm
289 869 328 930 ab
349 877 468 930 senatu.
502 876 623 929 centum
643 867 747 943 pondo
769 883 916 928 coronam
929 883 1055 930 auream
1068 882 1184 944 posue

199 960 278 1014 mnt.
310 969 373 1014 non
392 969 578 1030 responsum
598 952 700 1013 solum
719 950 853 1027 benigne
873 951 979 1030 [regis]
1000 950 1115 1027 legatis
1130 960 1185 1024 est,

200 1038 257 1100 sed
278 1036 360 1098 iilius
382 1053 506 1114 quoque
526 1035 658 1112 Philippi
677 1035 864 1110 Demetrius,
884 1035 938 1112 qui
956 1036 1053 1098 obses
1065 1035 1186 1097 Romae

201 1128 275 1196 erat,
290 1121 331 1182 nd
342 1128 460 1196 patrem
470 1119 664 1182 reducendus
675 1117 783 1194 legatis
795 1119 886 1180 datus
896 1126 954 1181 est
975 1120 1092 1180 bellum
1103 1119 1186 1194 qnod

202 1221 273 1268 cum
292 1204 445 1267 Antiocho
465 1221 539 1281 rege
560 1205 591 1264 in
613 1203 741 1265 Graecia
761 1211 882 1279 gestum
901 1210 950 1264 est
969 1219 989 1263 a
1006 1201 1059 1264 Μ’.
1082 1201 1185 1263 Acilio

203 1290 340 1361 consule,
355 1289 437 1350 hunc
450 1291 543 1350 linem
556 1287 670 1349 habuit

286 1373 421 1446 XXXVI.
449 1374 535 1433 Alter
560 1373 669 1434 consul
692 1371 725 1430 Ρ.
746 1371 903 1434 cornelius
928 1369 1034 1447 Scipio
1058 1371 1185 1432 Galliam

204 1455 394 1533 provinciam
405 1457 539 1530 sortitus,
552 1457 731 1530 priusquam
743 1456 783 1516 ad
794 1456 915 1531 bellum
928 1455 1014 1531 quod
1024 1469 1099 1516 cum
1105 1453 1184 1515 Boiir

203 1539 372 1616 gerendum
390 1546 470 1612 erat,
493 1540 755 1615 proficisceretur,
776 1539 944 1616 postulavit
957 1539 996 1599 ab
1011 1545 1142 1610 senatu,
1157 1545 1184 1600 ut

204 1624 336 1698 pecunia
347 1622 406 1684 sibi
417 1623 633 1684 decerneretur
643 1622 684 1683 ad
694 1623 796 1700 ludos,
809 1639 890 1700 quos
901 1629 1026 1700 praetor
1036 1621 1068 1682 in
1076 1621 1185 1696 Hispa-

203 1705 254 1766 nia
267 1706 461 1782 interipsum
476 1707 639 1768 discrimen
654 1721 778 1782 pugnae
790 1707 937 1768 vovisset
963 1721 1083 1768 novum
1098 1709 1196 1780 atque'

203 1789 342 1866 iniquum
357 1792 516 1866 postulare
527 1798 576 1852 est
587 1791 689 1852 visus=
709 1800 894 1854 censuerunt
903 1806 987 1866 ergo,
1003 1805 1088 1865 quos
1100 1789 1186 1850 ludos

204 1873 378 1936 inconsulto
400 1883 510 1938 senatu
531 1891 571 1936 ex
592 1890 651 1936 sua
670 1875 762 1936 unius
784 1875 936 1936 sententia
954 1873 1115 1948 vovisset,
1136 1888 1187 1932 eos

205 1957 249 2020 uti
264 1959 303 2018 de
318 1960 480 2034 manubiis,
495 1959 523 2020 si
539 1977 631 2034 qnam
645 1957 808 2035 pecuniam
822 1960 862 2020 ad
875 1960 908 2018 id
921 1965 1129 2031 reservasset,
1143 1957 1188 2014 vel

206 2058 265 2104 sun
284 2041 354 2117 ipse
373 2043 514 2119 impensa
534 2043 658 2104 laceret.
695 2058 750 2104 cos
772 2043 863 2103 ludos
879 2059 936 2118 per
949 2043 1017 2102 dies
1033 2041 1147 2102 decem
1159 2039 1188 2098 P.

207 2125 367 2187 cornelius
387 2128 468 2186 iecit
500 2142 558 2200 per
576 2125 658 2187 idern
681 2127 745 2186 iera
759 2132 882 2204 tempus
896 2127 991 2186 aedes
1005 2124 1117 2186 matris
1130 2140 1189 2184 ma·

205 2223 285 2282 gnae
298 2209 410 2268 idaeae
424 2208 565 2270 dedicata
579 2218 641 2281 est,
664 2225 756 2284 quam
769 2211 857 2270 deam
872 2211 900 2270 is
913 2209 946 2269 Ρ.
962 2209 1126 2270 cornelius
1141 2208 1189 2268 ad-

206 2297 325 2351 vectam
339 2305 379 2351 ex
393 2291 470 2352 Asia
483 2290 516 2350 Ρ.
529 2291 668 2354 Cornelio
685 2291 840 2368 Scipione,
857 2295 906 2355 cui
922 2299 1033 2368 postca
1042 2293 1190 2354 Africano

205 2373 262 2436 fruit
282 2389 470 2450 cognomen,
491 2375 523 2434 P.
537 2375 655 2438 Licinio
676 2378 855 2438 consulibus
872 2377 904 2438 in
918 2377 1068 2438 Palatium
1084 2394 1104 2438 a
1118 2376 1190 2436 mari

206 2457 364 2520 detulerat.
400 2459 580 2521 locaverant
600 2461 708 2522 aedem
728 2461 901 2522 faciendam
921 2477 960 2522 ex
975 2467 1105 2523 senatus
1120 2475 1191 2522 con·

206 2544 287 2606 sulio
300 2541 341 2602 M.
356 2542 461 2604 Livius
477 2543 509 2608 0.
525 2545 669 2606 claudius
684 2559 831 2606 censores
847 2545 888 2606 M.
902 2545 1042 2609 comalio
1056 2545 1092 2604 P.
1109 2543 1190 2606 Sem·

118 2677 121 2684 ,
207 2627 316 2703 pronio
329 2629 525 2699 consulibus;
547 2629 693 2691 tredecim
704 2629 794 2690 annis
805 2637 887 2704 post,
902 2646 994 2706 quom
1004 2630 1109 2690 locata
1120 2637 1189 2698 crat

207 2710 362 2773 dedicavit
376 2728 445 2773 eam
458 2712 499 2771 M.
512 2713 618 2775 lunius
632 2713 754 2788 Brutus,
769 2711 897 2788 ludique
912 2713 953 2775 ob
967 2712 1189 2774 dedicationem

207 2793 274 2854 eius
297 2795 384 2868 lacti,
407 2812 486 2869 quos
508 2797 624 2871 primos
646 2798 788 2859 scenicos
810 2797 908 2858 luisse
926 2796 1034 2858 Antias
1049 2795 1189 2857 Valerius

207 2883 256 2936 est
270 2883 391 2950 auctor,
411 2877 579 2954 Megalesia
593 2880 776 2954 appellatos.
812 2883 884 2942 item
898 2881 1066 2942 luventatis
1082 2880 1187 2940 aedem

206 2957 239 3019 in
260 2960 342 3020 circo
358 2962 491 3023 maximo
509 2963 540 3023 o.
554 2963 689 3024 Licinius
703 2964 849 3026 Lucullus
871 2965 1013 3026 duumvir
1027 2962 1187 3025 dedicavit.

207 3051 337 3106 voverat
354 3059 423 3105 eam
444 3046 603 3108 sexdecim
618 3047 706 3108 annis
723 3057 793 3109 ante
806 3049 847 3114 M.
862 3049 967 3110 Livius
982 3048 1110 3122 consul,
1131 3061 1188 3120 quo

208 3127 260 3189 die
273 3127 497 3190 Hasdrubalem
514 3131 743 3206 exercitumque
757 3131 824 3194 eius
840 3132 966 3202 cecidit;
984 3132 1066 3193 idem
1082 3143 1188 3192 censor

209 3227 278 3274 eam
298 3213 469 3274 faciendam
490 3215 604 3276 locavit
616 3215 657 3277 M.
673 3215 814 3278 cornelio
830 3216 863 3276 P.
880 3214 1064 3292 Sempronio
1080 3227 1187 3276 consu·

208 3295 299 3358 libus.
330 3296 421 3359 huius
444 3314 571 3375 quoque
593 3299 785 3360 dedicandae
806 3316 902 3362 causa
922 3299 986 3362 ludi
1000 3298 1088 3373 iacti,
1110 3304 1187 3358 ateo

210 3381 314 3440 omnia
328 3397 397 3441 cum
410 3383 527 3444 maiore
540 3381 688 3459 religione
703 3385 792 3458 sacta,
816 3385 901 3460 quod
915 3397 1031 3445 novum
1046 3396 1116 3444 cum
1129 3382 1186 3440 An·

209 3459 311 3521 tiocho
326 3464 458 3525 instabat
470 3465 593 3526 bellum.
