2506 3898
207 229 271 296 294
318 231 434 294 LIBER
444 231 592 294 XXXVII.
612 231 696 294 chl’.
707 239 752 296 st.
762 239 807 296 38.
817 240 862 295 ³9.
885 239 923 307 [s.
935 237 969 292 U.
982 255 1008 292 e.
1019 239 1079 306 5621

207 383 341 446 turribus
356 383 473 446 crebris
488 384 607 459 obiecit,
626 384 709 444 unda
724 385 812 446 laeile
827 386 923 446 arceri
938 384 1067 448 transitu
1079 387 1167 447 lossse
1214 387 1215 406 ¹

207 470 305 530 hesIIs
321 474 438 544 posset.

289 549 451 614 XXXVIII.
473 552 587 614 Consul
601 554 684 614 circa
696 552 871 630 Thyatiram
887 569 993 630 regem
1007 567 1079 614 esse
1090 559 1168 626 retus,

207 636 358 700 continuis
372 635 529 697 illneribus
546 637 651 712 quinto
666 635 717 696 die
732 635 772 696 ad
784 637 963 716 Hyrcanum
977 652 1116 712 campum
1128 637 1169 696 de·

208 719 336 781 scandit
369 719 441 780 inde
460 735 530 782 cum
550 721 722 796 proiectum
742 720 896 797 audisset,
918 727 1045 782 secutus
1058 719 1170 794 vestigia

207 805 282 866 citra
295 802 460 882 Phrygr'um
480 819 617 880 amnem,
638 810 781 881 quattuor
800 805 883 866 milia
902 805 941 866 ab
958 804 1064 878 hoste,
1086 804 1172 878 posuit

207 894 317 948 castra.
354 902 392 948 ec
416 886 499 950 mille
523 888 619 949 terma
643 888 763 963 equites
776 889 966 949 -maxima
990 903 1066 965 pars
1088 887 1171 948 Gallo·

205 970 309 1046 graeci
324 977 425 1043 erant,
441 978 472 1031 et
483 970 589 1033 Dahae
604 972 728 1047 quidam
742 971 932 1050 aliarumque
946 973 1083 1048 gentium
1096 972 1171 1044 sagit-

204 1053 273 1116 tarii
287 1055 408 1129 equites
422 1054 586 1117 intermisti
595 1087 639 1102 -
648 1057 834 1118 tumultuose
848 1057 928 1117 amni
942 1057 1072 1118 traiecto
1085 1055 1115 1115 in
1125 1061 1172 1113 sta·

205 1139 305 1202 tiones
317 1139 462 1214 Impetum
474 1140 620 1201 lecerunt.
635 1140 938 1217 primeturbavarunt
947 1138 1171 1216 incompositos
1215 1135 1216 1184 l

206 1223 319 1284 deinde
334 1237 404 1284 cum
418 1224 540 1299 longius
556 1229 709 1285 certamen
723 1225 826 1301 deret,
838 1225 1051 1286 Romanorum
1064 1239 1103 1284 ex
1116 1237 1172 1297 pro
1215 1229 1216 1240 ¹

206 1305 332 1384 pinquis
355 1307 465 1368 castris
486 1308 568 1369 incili
588 1308 728 1370 subsidio
750 1315 905 1371 cresceret
923 1323 1088 1382 numerus,
1110 1304 1172 1380 regi
1215 1313 1216 1316 ’

206 1392 283 1452 lessi
305 1391 366 1450 iam
391 1397 422 1450 et
443 1392 538 1466 pluris
559 1408 621 1454 non
642 1393 845 1468 sustinentes,
870 1394 1013 1470 recipere
1033 1407 1070 1454 se
1089 1389 1172 1451 conati

206 1474 288 1534 eirca
303 1474 402 1548 ripam
419 1475 532 1550 amnis,
553 1477 734 1552 priusquam
747 1475 861 1538 flumen
877 1478 1124 1553 ingrederentur,
1142 1473 1171 1531 ab

205 1556 387 1617 instantibus
407 1564 493 1633 tergo
514 1558 631 1634 aliquot
648 1560 799 1622 interfecti
820 1567 899 1622 sunt
935 1561 1065 1624 biduum
1078 1557 1171 1619 deinde

206 1641 358 1700 silendum
369 1641 424 1701 luit
434 1640 550 1702 neutris
561 1644 855 1720 transgredientibus
868 1661 997 1707 amnem.
1016 1644 1106 1706 tertio
1116 1647 1173 1717 post

205 1724 255 1784 die
270 1721 401 1784 Romani
421 1726 511 1786 simul
533 1742 640 1788 omnes
660 1729 847 1805 transgressi
867 1735 953 1806 sunt,
974 1735 1005 1790 et
1028 1729 1090 1790 duo
1105 1724 1171 1785 mitia

205 1808 269 1867 lere
284 1815 314 1870 et
328 1808 512 1884 qulngentos
528 1827 642 1886 passus
657 1813 696 1873 ab
711 1812 801 1875 hoste
812 1820 982 1890 posuerunt
993 1819 1105 1874 castra
1122 1823 1170 1868 me

205 1891 338 1953 lantibus
353 1897 384 1953 ct
398 1893 562 1956 muniendo
580 1897 740 1973 occupatis
755 1898 813 1958 tria
829 1897 1042 1958 miliadeleeta
1053 1893 1170 1971 equitum

204 1975 403 2052 peditumque
418 1979 572 2054 regiorum
583 1997 694 2056 magno
706 1989 822 2044 terrere
832 1997 869 2042 ac
879 1982 1008 2042 tumultu
1018 1979 1170 2042 advenere.

207 2060 360 2138 eliquanto
382 2063 546 2136 pauciores
566 2063 598 2124 in
617 2065 748 2126 stallenc
768 2071 869 2136 erant;
889 2065 922 2126 hi
941 2071 1046 2126 tantan
1066 2077 1120 2139 per
1136 2073 1171 2132 ⁸00
1216 2097 1217 2140 i

204 2145 288 2205 nullo
303 2161 322 2204 a
335 2145 520 2207 munimento
537 2152 706 2208 castrorum
718 2148 811 2210 milite
826 2155 963 2223 avocate,
979 2155 1009 2210 et
1019 2148 1119 2225 primo
1130 2157 1170 2204 ae
1216 2143 1217 2214 f

205 2243 299 2298 quum
319 2227 469 2300 proellum
488 2229 712 2305 sustInuerunt,
735 2239 765 2292 et
779 2241 938 2294 crescente
951 2231 1116 2294 certamiine
1127 2241 1171 2304 pe
1216 2257 1217 2264 ,

203 2311 346 2382 pulerunt
356 2309 454 2371 hostis
466 2318 588 2373 eentum
598 2329 639 2374 ex
648 2313 697 2375 his
708 2315 830 2391 ecelsis,
839 2324 958 2378 centum
971 2313 1170 2389 iermecaptis·

202 2408 259 2467 per
274 2393 476 2470 quadriduum
496 2396 665 2474 insequens
678 2399 844 2461 Instructae
860 2401 1013 2476 utrImque
1027 2400 1110 2462 acies
1123 2409 1170 2472 pro

202 2479 284 2538 valle
306 2485 427 2540 stetere.
461 2481 567 2556 quinto
590 2483 640 2543 die
654 2481 784 2544 Romani
805 2499 989 2560 processere
1002 2484 1034 2543 in
1050 2481 1169 2544 medium

204 2562 311 2638 campi.
333 2561 503 2626 Antiochus
518 2565 592 2626 nihii
605 2568 759 2642 promovit
773 2568 870 2644 signa,
884 2568 926 2630 ite
938 2573 972 2630 ut
986 2566 1112 2629 extremi
1124 2563 1169 2622 mi·

202 2661 261 2706 nus
277 2648 358 2708 mille
373 2647 471 2721 pedes
486 2665 506 2709 a
519 2651 601 2710 vallo
615 2651 769 2712 abessent.

286 2729 418 2790 XXXIX.
447 2731 560 2792 consul
574 2742 741 2810 postquam
755 2735 916 2795 detractari
931 2741 1086 2797 certamen
1098 2731 1168 2802 vidit,

201 2819 327 2884 postero
348 2812 399 2871 die
420 2813 449 2873 in
465 2816 625 2878 consilium
639 2817 811 2880 advocavit.
845 2818 920 2893 quid
934 2819 994 2880 sibi
1008 2816 1168 2880 laciendum

201 2900 294 2989 esset,
310 2895 337 2955 si
347 2896 520 2958 Antiochus
536 2902 693 2974 pugnandi
704 2903 825 2978 copiam
838 2918 899 2963 non
910 2903 1048 2964 laceret?
1068 2902 1166 2962 instare

199 2975 347 3038 hiemems
384 2983 438 3038 aut
469 2981 527 3041 sub
561 2985 694 3060 pellibus
732 2988 893 3050 habendos
925 2984 1054 3060 milites,
1087 2989 1136 3046 aut
1147 2979 1167 3039 si

200 3061 416 3122 concederem
432 3063 560 3124 hiberna
574 3067 672 3143 vellet,
687 3067 890 3130 differendum
903 3084 977 3131 essa
989 3071 1022 3133 tn
1033 3073 1165 3130 aestatem

199 3144 321 3206 bellum.
351 3147 464 3207 nullum
486 3165 630 3225 umquam
650 3151 770 3212 hostem
783 3153 913 3214 Romani
930 3168 1030 3229 aeque
1046 3157 1165 3214 contem

199 3235 336 3303 pserunt.
370 3233 590 3294 conclamatum
609 3235 746 3310 undique
760 3242 821 3310 est,
843 3237 969 3297 duceret
982 3235 1167 3313 extemploet

148 3381 151 3388 ,
198 3315 335 3374 uteretur
355 3316 466 3376 ardore
485 3317 627 3386 militum;
651 3318 702 3392 qui
721 3327 876 3395 tamquam
896 3335 959 3381 non
980 3318 1164 3396 pugnandum

200 3407 269 3452 eum
284 3402 328 3456 tot
341 3399 462 3460 milibus
476 3400 608 3460 hostium
624 3401 681 3462 sed
696 3418 753 3476 par
766 3419 912 3466 numerus
927 3419 1076 3480 pecorum
1086 3396 1164 3464 trud·

200 3472 320 3536 dandus
336 3488 433 3555 esset,
448 3499 505 3557 per
520 3483 633 3557 fossas,
649 3488 832 3560 pervellem
847 3493 949 3550 castra
962 3489 1106 3550 invadere
1118 3497 1161 3558 pt·
