2482 3900
252 187 364 282 nmsa
379 187 484 248 xxxi.
507 187 588 248 oxu.
605 197 647 250 ιο.
663 197 705 249 ιι.
727 188 763 266 [ι.
777 194 809 246 c.
824 189 888 266 2001
1038 197 1062 250 o

74 337 135 401 citu
152 337 339 411 substiterat,
354 336 539 400 Placentiam
553 337 744 410 invaserant;
760 347 790 399 et
805 337 924 414 direpta
935 339 1010 400 urbe
1021 357 1060 399 ac

73 439 128 499 per
143 419 220 482 iram
236 437 346 497 magna
361 438 400 482 ex
417 430 501 498 parte
515 421 651 497 incensa,
665 423 716 482 vix
730 423 851 484 duobus
866 421 988 485 milibus
1003 424 1057 484 ho·

73 506 189 568 minum
203 504 282 568 inter
295 505 438 567 incendia
451 505 620 583 ruinasque
634 505 759 579 relicua,
779 505 904 568 traiecto
919 507 1002 568 Pado
1018 508 1057 568 ad

73 591 255 652 Cremonam
269 589 473 667 diripiendam
489 599 627 667 pergunt.
651 589 770 652 vicinae
785 589 869 652 urbis
882 590 985 652 ondita
997 591 1057 652 ola·

73 675 128 736 des
145 673 281 751 spatium
296 673 415 736 colonis
438 674 522 736 dedit
542 676 582 734 ad
603 675 793 736 claudendas
815 682 919 750 portas
941 673 1058 750 praesi-

73 759 187 836 dieque
213 775 270 835 per
294 775 399 820 muros
424 758 635 835 disponenda,
660 767 695 819 ut
720 757 934 820 obsiderentur
957 765 1058 820 tamen

72 842 169 919 prius,
183 859 276 918 quam
287 851 544 918 expugnarentur,
557 841 744 918 nuntiosque
756 841 906 903 mitterent
917 842 956 902 ad
969 859 1058 918 prae·

73 935 171 989 torem
181 927 363 988 Romanum.
378 926 531 988 hilurius
543 925 692 1002 Purpurio
704 935 765 987 tum
776 925 956 1003 provinciae
969 941 1051 1002 praa

73 1019 138 1072 erat
159 1019 261 1073 cetero
278 1028 318 1072 ex
335 1019 461 1072 senalus
481 1011 623 1072 consulto
638 1010 776 1072 exercitu
791 1008 919 1072 dimisso
935 1018 1057 1086 praeter

74 1095 212 1172 quinque
232 1094 314 1156 milia
334 1093 452 1157 socium
473 1111 510 1155 ac
523 1094 621 1156 Latini
637 1093 784 1164 nominis;
805 1110 875 1154 cum
895 1093 933 1154 iis
955 1093 1056 1169 copiis

73 1180 104 1240 in
120 1179 261 1255 proxima
274 1178 401 1255 regione
422 1177 600 1254 provinciae
621 1177 702 1238 circa
722 1176 892 1252 Ariminum
913 1176 1056 1237 substite-

75 1273 132 1324 rat.
178 1263 204 1324 is
227 1273 289 1324 tum
310 1261 429 1325 senatui
450 1262 589 1339 scripsit,
613 1279 674 1337 quo
695 1261 726 1322 in
749 1262 876 1322 tumultu
897 1259 1057 1336 provincia

76 1355 168 1408 esset.
204 1348 332 1408 duarum
353 1345 558 1420 coloniarum,
581 1362 661 1422 quae
677 1345 830 1421 ingentem
846 1343 926 1404 illam
941 1351 1056 1418 tempe·

74 1439 182 1492 statem
197 1431 303 1492 Punici
317 1430 389 1492 belli
404 1428 671 1506 subterfugissem,
686 1431 813 1492 alteram
829 1437 949 1505 captam
964 1443 1000 1488 ac
1011 1425 1056 1488 di-

73 1523 192 1591 reptom
207 1516 246 1577 ab
262 1515 412 1588 hostibus,
427 1517 552 1576 alteram
567 1513 749 1590 oppugnari.
787 1529 844 1574 nea
866 1512 897 1573 in
918 1509 1056 1574 exercito

75 1616 130 1662 suo
148 1597 223 1661 satis
238 1597 385 1676 praesidii
399 1597 518 1660 colonis
533 1597 742 1660 laborantibus
758 1598 833 1669 lore,
846 1595 906 1658 nisi
918 1594 1055 1674 quinque

72 1683 157 1745 milia
170 1683 289 1745 socium
305 1682 506 1760 quadraginta
520 1683 642 1744 milibus
657 1680 791 1744 hostium
811 1713 853 1726 -
871 1688 916 1744 tot
929 1678 1010 1742 enim
1025 1678 1055 1739 in

72 1766 165 1830 armis
181 1785 253 1830 esse
266 1799 308 1814 -
324 1765 504 1830 trucidanda
518 1766 642 1827 obicere
658 1763 738 1836 velit,
755 1773 785 1827 et
799 1773 882 1827 tanta
896 1781 953 1826 sua
968 1763 1056 1824 clade

74 1852 135 1912 iam
158 1851 282 1914 inllatos
308 1849 431 1913 excidio
457 1849 598 1912 coloniae
611 1852 770 1911 Romanae
792 1848 898 1926 augeri
922 1845 1057 1910 hostium

73 1935 201 1998 animos.
235 1938 286 1998 xl.
308 1933 356 1997 his
371 1932 478 1996 litteris
493 1933 627 1996 recitatis
643 1935 853 2006 decrevemnt,
870 1942 902 1995 ut
916 1932 947 1993 C.
958 1931 1057 1992 Aure·

73 2021 131 2082 lius
148 2022 257 2082 consul
272 2017 454 2091 exercitum,
477 2017 527 2079 cui
547 2017 578 2079 in
592 2017 742 2080 Etruriam
757 2019 797 2078 ad
813 2014 1059 2078 conveniendum

74 2105 153 2166 diem
169 2103 322 2176 edixerat,
343 2101 473 2164 Arimini
493 2102 601 2164 eadem
617 2101 666 2164 die
681 2102 794 2164 adesse
809 2099 940 2174 iuberet,
963 2106 992 2159 et
1007 2103 1057 2157 aut

73 2189 150 2264 ipse,
167 2188 195 2249 si
210 2204 265 2264 per
281 2186 475 2249 cornmodum
489 2184 687 2262 reipublicae
700 2194 816 2262 posset,
829 2185 870 2246 ad
882 2179 1057 2260 opprimen·
1120 2239 1125 2252 ,

74 2274 145 2334 dum
153 2272 301 2333 Gallicum
315 2271 474 2333 tmnultum
486 2270 743 2348 proficisceretur,
758 2279 810 2332 ant
820 2269 852 2328 L.
865 2266 957 2329 Furio
968 2281 1057 2342 prae·

75 2356 130 2419 tori
146 2355 310 2428 scriberet,
325 2363 373 2429 ut,
390 2372 459 2417 cum
474 2355 513 2416 ad
530 2373 599 2416 eum
614 2353 752 2431 legiones
768 2371 807 2415 ex
820 2351 941 2414 Etruria
955 2347 1056 2411 venis·

75 2448 155 2512 sent,
177 2439 283 2502 missis
303 2439 334 2500 in
356 2438 455 2502 vicem
470 2455 575 2502 earum
591 2439 728 2515 quinque
748 2437 870 2498 milibus
892 2434 1058 2504 sociorum,

76 2542 153 2602 quae
176 2523 296 2586 interim
317 2522 456 2585 Etruriae
481 2521 637 2598 praesidio
663 2531 783 2592 essent,
810 2518 1059 2596 proficisceretur

75 2609 141 2684 ipse
157 2610 197 2668 ad
213 2606 365 2669 coloniam
381 2605 569 2668 liberandam
584 2605 756 2666 obsidione.
779 2605 898 2678 legatos
910 2602 981 2662 item
992 2596 1058 2657 mit·
1089 2588 1103 2612 ⁸

76 2694 184 2753 tendos
199 2691 229 2752 in
244 2690 381 2752 Airiaam
396 2697 590 2760 censucmnt‚
606 2689 735 2750 eosdem
753 2684 974 2762 Carthaginem,
989 2697 1058 2742 eos·

75 2777 142 2837 dem
157 2775 188 2836 in
202 2773 375 2836 Numidiam
390 2775 429 2835 ad
442 2772 649 2846 Masinissam,
663 2769 882 2847 Carthaginem,
897 2776 930 2831 ut
941 2764 1056 2829 nuntia·

75 2868 139 2921 rent
154 2859 252 2922 civem
268 2875 375 2921 eorum
385 2857 588 2920 Hamilcarem
599 2855 738 2918 relictum
750 2854 780 2916 in
792 2852 896 2928 Gallia,
912 2853 995 2915 haud
1011 2867 1059 2912 sa

78 2942 114 3004 tis
129 2941 210 3005 scire
225 2961 266 3007 ex
278 2941 482 3004 Hasdrubalis
497 2941 583 3018 prius
599 2958 638 3001 an
660 2957 699 3002 ex
713 2938 854 3014 Magonis
875 2945 986 3013 postea
1005 2951 1058 2996 ex·

78 3025 185 3100 ercitn,
210 3027 324 3088 bellum
346 3033 452 3088 contra
468 3026 578 3087 ioedus
595 3027 712 3096 lacere,
735 3020 888 3084 exercilus
904 3021 1060 3082 Gallorum

77 3108 281 3186 Ligurumque
303 3108 459 3172 excivisse
480 3109 520 3169 ad
541 3125 625 3170 arma
653 3115 759 3170 contra
778 3107 927 3182 populum
948 3105 1059 3166 Roma

80 3210 158 3254 num.
193 3211 278 3269 eum,
300 3193 327 3256 si
348 3210 411 3269 pax
432 3193 582 3269 placeret,
602 3193 811 3252 revocandum
826 3189 884 3250 illis
901 3196 930 3250 et
945 3186 1059 3246 deden-

80 3277 148 3337 dum
163 3279 280 3354 populo
294 3276 433 3340 Romano
450 3293 532 3338 esse.
562 3275 650 3337 simul
666 3273 805 3336 nuntiare
820 3271 898 3334 iussi
913 3269 1062 3346 perlugas

82 3359 210 3423 sibinen
228 3361 328 3424 omnis
343 3360 482 3424 redditos
498 3375 585 3431 esse,
607 3375 644 3420 ac
665 3375 806 3434 magnam
822 3363 938 3432 partem
954 3367 1061 3413 eornm

84 3445 176 3517 palam
192 3443 365 3521 Carthagini
382 3444 539 3507 obversari
556 3443 633 3515 dici;
657 3459 736 3518 quos
754 3435 971 3517 comprehendi
987 3451 1060 3498 con-
