2482 3902
126 259 188 323 1eo
289 258 549 318 elsuaxxxrv.
573 255 654 317 one.
670 267 697 318 a.
719 257 754 335 [a.
768 264 803 320 o.
818 263 919 341 asor]

123 412 260 487 singulas
288 409 440 471 sustinere
465 425 526 469 non
552 408 722 483 potuimus,
747 406 908 468 universas
929 405 1101 469 horremus.

123 495 265 572 equidem
292 494 424 553 rabulam
446 499 477 552 et
496 492 596 552 ilotam
617 507 681 552 rem
702 491 852 552 ducebam
873 506 945 552 csse
966 492 1104 554 virorum

107 593 212 639 -omne
238 592 336 651 genus
362 577 392 636 in
419 573 522 652 aliqua
547 576 648 636 insula
672 575 881 636 coniuratione
906 575 1046 636 muliebri
1061 576 1103 637 ab

122 662 218 736 stirpe
233 661 384 722 sublatum
400 675 482 720 esse.
505 660 543 720 ab
558 660 641 720 nullo
657 673 770 734 genere
783 675 845 720 non
861 674 1010 720 summam
1022 659 1103 735 peri·

122 747 294 817 columem,
310 745 335 804 si
353 750 459 804 coetus
476 750 506 804 et
520 741 650 804 eoncilia
664 748 695 803 et
708 749 844 804 secretas
860 743 1103 805 consultationes

122 843 194 890 esse
215 827 309 889 sinas.
343 834 434 902 atque
455 841 513 902 ogo
535 826 588 887 vix
609 831 741 888 statuere
755 827 839 902 apud
854 826 987 887 animum
1002 842 1105 888 meum

122 928 265 989 possum,
286 919 385 972 utrum
405 911 491 986 peior
506 911 573 986 ipsa
587 927 638 971 res
654 927 692 970 an
708 910 813 987 peiore
827 913 969 988 exemplo
985 919 1103 986 agatur.

122 1008 253 1072 quondm
268 995 395 1056 alterum
410 995 450 1054 ad
461 1011 520 1055 nos
532 997 677 1055 consules
689 987 888 1070 reliquosque
897 995 1103 1070 magistratus,

121 1082 248 1140 alterum
264 1079 386 1153 advos,
403 1077 542 1153 Quirites,
558 1079 654 1154 magis
671 1079 808 1154 pertinet.
834 1095 904 1140 nam
918 1085 1019 1140 utrum
1035 1096 1054 1140 e
1068 1095 1106 1139 re

123 1165 247 1242 plublice
261 1163 301 1224 sit
314 1179 413 1224 necne
427 1163 457 1222 id
471 1164 555 1239 quod
568 1165 675 1223 advos
689 1164 790 1237 tertur,
806 1170 908 1226 vestra
919 1163 1105 1225 existimatio

110 1256 185 1324 est,
208 1249 260 1324 qui
275 1249 305 1308 in
327 1247 506 1322 sullragium
524 1248 592 1307 ituri
608 1249 691 1308 estis.
724 1247 800 1308 haee
816 1247 1021 1308 consternatio
1035 1263 1104 1308 mu-

122 1333 236 1406 liebris,
254 1333 321 1392 sive
337 1349 394 1393 sua
409 1338 520 1406 sponte
535 1331 601 1392 sive
614 1331 789 1392 auctoribus
802 1332 900 1405 vobis,
911 1330 1105 1392 M.Fundani

121 1425 151 1478 et
165 1417 198 1476 L.
212 1415 333 1492 Valeri,
356 1417 434 1474 laeta
455 1421 516 1490 est,
539 1415 621 1474 haud
643 1415 734 1475 dubie
753 1417 792 1474 ad
808 1417 929 1491 crrlpam
944 1416 1105 1492 magistra·

121 1505 205 1560 ttrtrm
221 1500 376 1575 pertinens
392 1498 497 1558 nescio
512 1498 610 1572 vobis,
626 1499 747 1572 tribuni,
762 1514 801 1558 an
813 1499 992 1560 consulibus
1005 1499 1105 1575 magis

122 1585 161 1644 sit
176 1584 332 1644 deformis.
352 1581 452 1654 vobis,
470 1581 496 1642 si
512 1582 551 1641 ad
568 1581 696 1642 seminas
711 1581 910 1643 concitandas
925 1583 1106 1644 tribunicias

122 1666 290 1727 seditiones
306 1667 365 1724 iam
386 1664 576 1733 adduxistis;
602 1665 706 1738 nobis,
729 1666 755 1726 si
770 1670 804 1726 ut
819 1667 918 1742 plebis
935 1663 1106 1744 quondam,

122 1750 167 1810 sio
192 1765 274 1810 nuno
299 1750 458 1809 mulierum
484 1749 663 1809 secessione
687 1751 772 1824 leges
798 1751 996 1828 accipiendae
1021 1758 1105 1814 sunt

120 1833 264 1908 equidem
278 1848 340 1893 non
356 1834 422 1893 sine
437 1833 550 1892 rubore
566 1834 704 1909 quodam
714 1833 805 1910 paulo
819 1842 889 1896 ante
903 1851 958 1911 per
968 1835 1104 1897 medium

121 1932 229 1992 agmen
250 1917 411 1978 mulierum
432 1917 462 1976 ln
485 1917 583 1977 lorum
606 1918 742 1993 perveni.
775 1920 859 1994 quod
879 1920 937 1980 nisi
952 1935 1000 1980 me
1015 1935 1103 1981 vere-

122 2001 235 2062 cundia
250 1998 437 2076 singularum
452 2002 550 2076 magis
565 2003 731 2063 maiestatis
747 2011 777 2063 et
791 2004 917 2078 pudoris
933 2021 1024 2080 quam
1035 2005 1105 2064 uni-

120 2101 281 2147 versarum
295 2086 453 2159 tenuisset,
470 2100 509 2144 ne
525 2085 725 2161 compellatae
739 2103 758 2146 a
773 2089 900 2147 consule
916 2087 1103 2163 viderentur,

121 2169 269 2230 dixissem
284 2171 385 2245 ‚„,qui
405 2169 455 2228 hio
472 2185 540 2230 mos
555 2170 646 2230 estin
663 2171 815 2246 publicum
832 2173 1048 2246 procurrendi,
1072 2179 1105 2232 et
1191 2176 1195 2188 “

121 2252 285 2314 obsidendi
306 2253 389 2328 vias,
411 2259 441 2313 el
453 2255 538 2314 viros
554 2254 671 2315 alienos
687 2254 883 2329 appellandi?
903 2254 985 2314 istud
999 2255 1104 2330 ipsum

122 2353 197 2398 suos
220 2351 363 2412 quaeque
385 2337 467 2398 domi
481 2353 592 2412 rogare
611 2355 672 2398 non
689 2337 849 2414 potuistist
870 2354 908 2397 an
923 2338 1102 2400 blandiores

121 2421 152 2480 in
167 2421 290 2497 publico
307 2437 398 2497 quam
413 2423 442 2482 in
458 2423 591 2498 privato,
609 2430 638 2484 et
652 2421 758 2482 alienis
775 2437 866 2496 quam
880 2423 991 2482 uestris
1007 2423 1104 2484 estist

122 2521 306 2582 quamquam
326 2521 365 2565 ne
388 2507 469 2567 domi
485 2506 608 2584 quidem
623 2523 695 2581 vos,
718 2503 744 2566 si
760 2505 806 2566 sui
822 2503 895 2567 iuris
912 2507 1023 2568 linibus
1038 2523 1101 2568 ma-

121 2595 227 2652 tronas
246 2591 414 2651 contineret
429 2592 536 2667 pudor,
559 2607 639 2666 quae
654 2593 739 2666 leges
754 2590 803 2650 hic
817 2597 998 2666 rogarentur
1012 2591 1100 2652 abro-

121 2681 304 2748 garenturve
320 2691 427 2736 curare
442 2675 600 2735 decuit.““
632 2677 785 2749 „maiores
801 2677 897 2736 nostri
912 2676 1039 2749 nullam,
1063 2691 1102 2736 ne

120 2758 270 2832 privatam
294 2759 416 2833 quidem
437 2775 501 2817 rem
523 2774 614 2833 agere
635 2759 762 2818 reminas
781 2759 848 2818 sine
865 2767 962 2820 tutore
976 2767 1102 2822 auctore

119 2843 297 2909 voluerunt3
323 2841 353 2898 in
376 2857 468 2900 manu
489 2855 560 2900 esse
582 2841 766 2914 parentium,
789 2843 928 2917 fratrum,
950 2844 1100 2906 virorum=

120 2939 188 2996 nos,
204 2923 232 2983 si
248 2923 306 2984 diis
323 2925 431 2998 placet,
447 2924 506 2982 iam
522 2922 610 2983 etiarn
624 2938 688 2982 rem
705 2923 857 2998 publicam
869 2941 1035 3002 capessere
1046 2944 1100 2990 ees

121 3008 266 3082 patimur,
289 3019 319 3067 et
332 3009 399 3066 loro
423 3023 546 3083 qnoque
562 3017 592 3068 et
607 3006 799 3068 contionibus
815 3015 846 3069 et
860 3010 989 3072 comitiis
1005 3012 1100 3073 immi-

121 3091 209 3152 sceri.
244 3092 318 3167 quid
339 3091 419 3151 enim
439 3105 521 3151 nuno
542 3092 625 3152 aliud
641 3107 696 3166 per
710 3091 777 3152 vias
793 3098 823 3152 et
839 3095 971 3169 compita
986 3097 1100 3158 iaciunt

122 3191 213 3252 quam
227 3175 416 3254 rogationem
431 3176 617 3237 tribunorum
635 3176 715 3252 plebi
730 3176 875 3251 suadent,
896 3177 984 3238 aliam
1001 3181 1101 3255 legem

121 3261 327 3339 abrogandam
350 3267 497 3322 censent?
528 3261 598 3320 date
619 3263 722 3322 irenos
744 3260 902 3336 impotenti
923 3266 1051 3325 naturae
1071 3271 1101 3324 et

121 3346 266 3408 indomito
283 3347 413 3421 animali,
430 3353 460 3407 et
473 3351 596 3422 sperate
612 3347 697 3420 ipsas
712 3345 835 3405 modum
851 3344 988 3406 licentiae
1004 3348 1099 3408 laetu-

120 3430 247 3502 ras,nisi
258 3447 317 3492 vos
329 3431 471 3491 feceritis.
488 3429 642 3490 minimum
653 3430 713 3490 hoc
725 3445 831 3490 eorum
843 3435 890 3490 est
901 3445 981 3505 quae
992 3431 1099 3507 iniquo

121 3513 221 3572 animo
242 3514 373 3574 feminae
395 3515 453 3574 sibi
474 3521 526 3574 aut
545 3513 682 3575 moribus
698 3520 749 3574 aut
763 3514 880 3588 legibus
895 3513 1028 3575 iniuncta
1045 3531 1099 3590 pa-
