2480 3904
180 189 242 254 too
327 187 605 248 elsuaxxxvii.
629 187 711 247 cap.
727 193 793 251 et.
817 173 1012 260 {aneson}

178 341 253 402 illud
266 353 451 414 responsum
465 336 593 408 rettulit,
615 352 677 411 quo
698 336 793 410 fugati
815 334 855 394 ab
869 340 980 394 senatu
995 339 1092 392 erant.
1125 345 1161 389 eu

178 433 334 498 tamquam
353 437 435 482 novo
456 436 524 480 oum
544 419 596 479 icti
609 418 711 480 Aetoli
731 425 839 478 esseut
851 448 895 461 -
909 415 985 474 nihil
1005 415 1088 474 enim
1108 429 1163 472 nee

181 506 332 582 legatione
355 503 587 564 Atheniensium
612 515 670 561 neo
698 500 822 576 placido
846 499 985 560 Airicuni
1007 513 1162 572 responso

179 589 348 664 proiectum
369 585 514 646 videbant
527 619 585 658 —-,
610 585 728 645 referre
746 584 786 644 ad
810 599 888 644 snos
908 583 1057 642 dixerunt
1077 580 1162 640 velte

143 741 145 746 ,
178 673 244 732 vll.
270 668 402 731 reditum
421 668 493 728 inde
506 669 660 747 Hypatam
675 676 738 742 est,
759 682 818 727 nec
839 665 1004 728 consilinm
1018 663 1164 740 expedie-

177 755 280 816 batur=
303 769 374 812 nam
394 765 496 826 neque
514 752 597 812 unde
617 751 699 811 mille
715 751 864 811 talentum
884 750 1011 809 duetnr
1032 754 1117 816 erat;
1139 756 1165 806 et

179 837 332 912 permisso
353 833 449 894 libero
471 835 612 907 arbitrio,
633 850 674 894 ne
694 832 726 893 in
748 849 883 908 corpora
903 849 962 892 sua
982 831 1164 892 saeviretur.

178 919 362 979 metuebant
389 917 491 978 redire
509 918 614 993 itaque
627 918 755 978 eosdem
769 918 890 992 legatos
904 915 946 976 ad
959 917 1126 976 consulent
1140 922 1167 973 et

177 1002 355 1063 Airicanum
375 1002 532 1062 iussenrnt
544 1009 575 1062 et
589 1008 708 1075 petere,
733 1007 781 1074 ut,
804 999 833 1060 si
853 1000 930 1060 dare
948 1013 1027 1060 vere
1048 1011 1166 1073 paoem,

178 1101 240 1146 non
255 1091 372 1145 tuntum
386 1085 567 1157 ostendere,
583 1085 765 1145 ilustrantes
780 1099 871 1159 spem
885 1082 1091 1154 miserorum,
1105 1081 1167 1140 voi-

178 1169 254 1242 lent,
271 1175 323 1228 eut
337 1183 377 1228 ox
391 1183 511 1228 summa
525 1166 676 1244 pecuniae
690 1167 850 1227 demerent
862 1171 917 1226 aut
928 1164 1167 1240 permissionem

177 1257 265 1310 extra
278 1251 390 1312 civium
410 1266 543 1325 corpora
563 1251 629 1311 fieri
650 1251 800 1311 iuberent
828 1248 904 1310 nihil
924 1249 1125 1324 impetratum
1138 1256 1169 1306 ut

177 1340 308 1394 mutaret
321 1335 448 1401 oonsul;
470 1339 501 1392 et
520 1349 558 1394 ea
578 1347 704 1409 quoque
723 1333 809 1394 irrita
827 1332 941 1407 legatio
962 1331 1100 1392 dimissa
1115 1337 1167 1390 eet.

177 1415 275 1475 secuti
290 1423 321 1475 et
333 1417 539 1476 Athenienses
555 1425 641 1488 sunt;
664 1423 695 1476 et
715 1417 862 1492 princeps
876 1415 1045 1490 legationis
1062 1429 1168 1475 corum

176 1496 370 1558 Echedemus
383 1498 525 1572 fatigatos
535 1507 581 1559 tot
591 1499 727 1574 repulsis
738 1501 885 1572 Aetolos,
902 1509 933 1560 et
944 1497 1169 1574 complorantis

176 1579 272 1638 inutili
287 1581 502 1640 lamentatione
516 1581 669 1642 fortunam
690 1584 806 1658 gentis,
834 1583 875 1644 ad
897 1597 988 1658 spem
1008 1583 1170 1644 revocavit

174 1669 283 1754 auctor
297 1661 431 1725 indutias
446 1677 503 1722 sex
517 1665 669 1725 mensium
683 1667 823 1742 petendi,
845 1673 880 1727 ut
899 1668 1022 1742 legatos
1038 1666 1170 1727 Romam

176 1749 294 1836 mittere
318 1753 458 1818 possent
502 1746 679 1810 dilationem
703 1749 779 1809 nihii
805 1749 846 1808 ad
870 1750 1052 1825 praesentia
1080 1750 1169 1820 maia,

175 1839 292 1900 quippe
314 1843 395 1902 quae
414 1827 519 1889 ultima
538 1839 659 1906 essent,
681 1833 884 1892 adiecturam=
906 1834 1004 1894 levari
1019 1847 1081 1907 per
1096 1833 1169 1892 mui-

176 1913 227 1966 tos
249 1923 342 1970 ausus
363 1918 502 1986 tempore
522 1914 704 1990 interposito
731 1917 905 1990 praesentis
929 1917 1037 1976 clades
1059 1930 1169 1990 posse.

178 1997 305 2052 auctore
324 1991 502 2054 Echedemo
522 1995 614 2056 iidem
635 1998 739 2072 missi,
760 2000 848 2074 prius
866 1999 899 2057 P.
921 1999 1075 2075 Scipione
1099 2015 1158 2060 con

177 2079 285 2144 vento,
308 2089 364 2147 per
382 2092 452 2135 eunt
466 2076 600 2139 indutias
615 2079 764 2155 temporis
779 2083 846 2142 eius
863 2083 950 2156 quod
965 2083 1121 2157 petebant
1134 2081 1169 2142 ab

174 2155 565 2252 consuleimpetraverunt.
585 2171 616 2222 et
626 2164 728 2224 soluta
738 2165 903 2226 obsidione
913 2165 1111 2241 Amphissae
1120 2165 1170 2224 Μ’.

173 2234 308 2306 Aemus,
332 2239 444 2298 uadrto
466 2243 586 2303 consuli
606 2247 758 2322 exercitu,
781 2247 942 2322 provincia
963 2249 1123 2320 decessit;
1143 2257 1172 2307 et

175 2316 285 2406 consui
306 2316 345 2375 ab
361 2320 531 2414 ⁴dnaphissa
544 2326 735 2390 Thessaliam
754 2333 882 2406 repetit,
899 2340 933 2392 ut
948 2347 1005 2408 per
1019 2332 1169 2392 Manedu-

174 2409 257 2455 mam
270 2397 493 2479 Thraciamque
508 2407 634 2470 duceret
646 2412 678 2470 in
692 2414 809 2474 Asiam.

258 2479 334 2540 'ium
347 2484 513 2550 Aiiionnus
535 2493 619 2554 tratri
639 2495 715 2568 „iter
737 2498 823 2572 quod
840 2499 977 2572 insistis,
999 2499 1035 2558 L.
1051 2499 1170 2574 Scipio,

173 2575 233 2653 039
242 2643 247 2654 Ι
257 2573 562 2662 quoque-approbes
591 2577 648 2637 sed
661 2584 758 2639 totum
772 2581 805 2642 id
819 2583 947 2644 vertitur
960 2582 993 2642 in
1007 2583 1170 2644 voluntate

173 2639 321 2718 Phlhiltt,
344 2665 397 2721 qut
417 2653 446 2748 si
460 2653 589 2731 imperio
610 2667 717 2722 nostro
736 2662 818 2724 lidus
834 2673 896 2740 est,
918 2671 949 2726 et
962 2663 1022 2726 iter
1038 2675 1071 2726 et
1086 2682 1170 2728 cotn-

173 2730 291 2814 meatus
314 2735 344 2786 et
364 2745 482 2810 omma,
507 2744 639 2814 quaein
660 2745 755 2820 longo
773 2746 883 2808 itinere
902 2750 1062 2810 exercitus
1086 2751 1169 2809 aiunt

172 2811 356 2898 rusumque,
377 2814 469 2906 nobis
491 2827 710 2899 suppeditabit.
743 2829 771 2888 si
785 2829 812 2888 is
831 2829 991 2904 destituat,
1013 2831 1093 2893 nihii
1113 2847 1169 2908 per

169 2881 332 2983 Thraciam
347 2899 423 2954 satis
438 2905 536 2964 tutum
552 2907 690 2971 habebis.
713 2910 816 2988 itaque
831 2914 918 2988 prius
930 2916 1016 2989 regis
1033 2915 1167 2976 animum

170 2965 330 3037 θ’(ΡῙΟῙἪΙ
351 2975 463 3046 piacet.
497 2992 613 3064 optime
634 2995 859 3070 explorabitur,
881 2997 908 3057 si
923 2995 999 3058 nihil
1021 3015 1063 3058 ere
1079 3011 1168 3074 prae-

170 3054 279 3184 garato
300 3064 444 3127 agentem
466 3076 624 3148 opprimet
640 3077 692 3152 qui
705 3079 870 3139 mittetur.“
903 3079 948 3138 ti.
961 3079 1167 3156 Sempronius

198 3131 345 3242 sffe‘ssusv
358 3140 463 3234 ‚¹⁰1¹30
477 3160 545 3218 tum
560 3161 726 3221 acerrimus
741 3163 901 3237 iuuenum,
923 3163 964 3224 ad
979 3164 1011 3223 id
1028 3165 1167 3224 delectus

168 3221 221 3343 ¹³3!
244 3211 417 3314 ⁶¹⁸P⁰ffll08
439 3244 544 3328 equos
565 3259 665 3318 prope
679 3244 850 3306 incredibili
865 3247 1022 3307 eeleritate
1038 3247 1079 3307 ab
1092 3248 1166 3306 Arn-

167 3301 188 3355 p
210 3305 276 3352 ussa
286 3327 332 3345 -·
341 3304 414 3366 rnde
429 3325 515 3380 anun
528 3334 578 3386 est
588 3327 734 3389 dimissus
744 3329 849 3389 -die
863 3328 1083 3390 tertioPeilam
1097 3343 1166 3404 per

179 3377 259 3428 emt.
282 3393 314 3436 un
329 3389 475 3455 convivio
491 3418 550 3466 rex
567 3419 632 3470 erat
645 3418 676 3471 et
688 3412 718 3470 in
732 3413 859 3473 muttum
871 3413 935 3472 vini
950 3416 1166 3488 processeram
