2482 3900
241 214 356 276 LIBER
366 213 470 274 XXXI.
493 213 575 274 CAP-
586 220 629 276 37.
641 220 686 276 38.
710 219 745 286 [a.
759 219 791 271 C.
804 219 867 284 200]
1001 215 1045 280 ³³

60 367 205 443 legiones
220 383 238 427 e
253 366 363 428 castris
385 365 488 430 educit
508 374 540 428 et
558 366 679 444 agmine
700 369 849 443 quadrato
871 369 910 430 ad
925 369 1046 432 hostem

59 451 155 512 ducit.
188 450 322 526 dispersi
338 451 457 526 equites
472 465 530 526 per
544 466 635 525 agros
652 452 775 528 quidam
790 451 978 528 aberrarunt,
994 455 1046 516 de-

60 537 144 610 cepti
168 533 356 595 clamoribus
382 534 451 595 aIIIs
475 550 515 594 ex
534 536 593 596 alio
618 535 837 596 exsistentibus
858 539 946 608 loco;
973 555 1046 616 pars

59 619 173 679 obvios
189 618 363 679 habuerunt
375 618 484 680 hostis.
506 619 645 693 pluribus
659 619 737 680 Iocis
752 619 841 680 simul
857 636 960 696 pugna
974 637 1045 684 coe-

59 703 112 777 pit.
144 700 231 777 regIa
251 702 341 762 statio
364 702 587 762 atrocissimum
608 703 757 776 proelium
779 703 904 765 edebat:
932 722 1002 766 nam
1017 715 1048 766 et

58 786 130 862 ipsa
151 784 345 847 multitudine
366 785 503 861 equitum
524 785 722 861 peditumque
744 802 842 862 prope
862 787 943 850 iusta
963 789 1046 850 acIes

58 877 134 944 erat,
150 876 182 930 et
194 869 414 941 Romanorum,
437 870 509 944 quia
520 869 653 930 medium
668 869 833 932 obsederat
845 871 910 946 iter,
924 872 1046 948 plurimi
1063 939 1068 947 ,

59 955 87 1012 ln
111 969 181 1014 eam
204 953 421 1013 inferebantur.
455 969 493 1014 eo
515 969 640 1027 quoque
660 953 838 1028 superiores
857 954 1046 1016 Macedones

59 1045 162 1110 erant,
189 1037 273 1112 quod
296 1045 327 1098 et
346 1053 402 1097 rex
423 1038 492 1113 ipse
511 1037 649 1097 hortator
669 1037 789 1111 aderat,
813 1045 844 1098 et
858 1037 1046 1100 Cretensium

57 1122 227 1181 auxiliares
239 1121 351 1181 multos
365 1136 404 1180 ex
414 1121 584 1196 improviso
596 1120 805 1194 vulnerabant,
819 1119 947 1182 conferti
958 1138 1046 1197 prae·

58 1205 223 1280 paratique
240 1204 269 1263 In
288 1205 449 1280 dispersos
465 1211 495 1264 et
509 1202 628 1264 effusos
641 1210 824 1279 pugnantes.
854 1204 967 1279 quodsi
980 1222 1043 1265 rno-

61 1289 137 1348 dum
156 1289 187 1346 ln
207 1288 403 1362 Insequendo
424 1287 619 1359 habuissent,
641 1301 703 1348 non
721 1287 751 1346 in
766 1287 939 1361 praesentis
953 1290 1046 1350 modo

59 1371 235 1436 certaminis
256 1373 385 1447 gloriam
404 1372 460 1432 sed
475 1372 505 1431 in
520 1387 670 1432 summam
685 1370 775 1430 etiam
789 1369 861 1432 belii
875 1371 1047 1448 proiectum

58 1457 153 1516 foret:
192 1471 280 1515 nunc·
301 1456 445 1516 aviditate
470 1454 574 1516 caedis
600 1455 851 1530 intemperantius
876 1455 989 1532 secuti,
1015 1455 1046 1516 in

57 1553 265 1614 praegressas
286 1555 355 1600 oum
375 1537 505 1600 tribunis
525 1540 649 1600 militum
671 1537 815 1600 cohortes
829 1540 985 1600 Romanas
1001 1539 1043 1599 in-

58 1623 180 1692 cidere;
210 1630 243 1684 et
262 1623 384 1698 lugiens
400 1637 512 1698 eques,
534 1631 568 1683 ut
588 1623 686 1698 primo
706 1623 796 1698 signa
815 1638 942 1684 suorum
960 1623 1047 1696 vidit,

57 1705 211 1768 convertit
232 1707 262 1766 in
283 1705 416 1768 effusum
437 1707 557 1768 hostem
578 1722 693 1782 equos,
714 1722 870 1782 versaque
890 1713 1046 1767 momento

56 1789 208 1866 temporis
224 1791 348 1852 fortuna
361 1805 485 1865 pugnae
499 1797 548 1850 est
561 1795 647 1865 terga
661 1789 804 1852 dantibus
820 1791 872 1866 qui
887 1791 980 1852 modo
996 1805 1044 1850 se-

56 1875 117 1935 cuti
132 1881 234 1934 erant.
268 1875 352 1935 multi
366 1874 536 1934 comminus
551 1875 720 1948 congressi,
736 1875 821 1934 multi
835 1874 986 1948 fugientes
1000 1873 1045 1932 ln-

54 1959 186 2020 terleetI.
208 1975 268 2020 nac
283 1959 365 2018 ferro
380 1965 496 2020 tantum
511 1956 640 2033 periere,
656 1957 713 2018 sed
728 1957 759 2016 iu
775 1957 904 2030 paludes
920 1956 1045 2032 quidam

56 2042 189 2103 coniecti
209 2043 366 2118 prolundo
388 2042 459 2102 limo
483 2057 551 2102 cum
566 2041 643 2116 ipsis
657 2041 747 2115 equis
762 2039 865 2100 hausti
879 2045 958 2100 sunt.
986 2053 1042 2100 rex

55 2141 187 2201 quoque
207 2127 239 2186 in
261 2127 399 2202 periculo
421 2126 491 2188 luit:
513 2141 584 2186 nam
604 2131 711 2185 ruente
732 2123 839 2184 saucio
861 2137 942 2197 equo
957 2136 1046 2198 prae-

56 2226 131 2286 ceps
147 2210 192 2270 ad
206 2217 319 2270 terram
333 2211 423 2270 datus
437 2209 521 2270 haud
534 2210 660 2268 multum
672 2207 777 2281 abluit,
789 2207 861 2282 quin
873 2207 978 2268 Iacens
991 2220 1042 2280 op·

54 2296 250 2368 primeretor.
288 2294 387 2354 saluti·
405 2293 460 2353 luit
484 2307 597 2367 eques,
629 2293 680 2365 qui
701 2291 811 2365 raptim
835 2292 904 2366 ipse
924 2287 1046 2349 desiluit

56 2379 273 2454 pavidumque
292 2393 398 2452 regem
419 2377 449 2436 in
471 2391 584 2452 equum
603 2375 742 2436 subiecit.
775 2375 844 2450 ipse
865 2390 934 2432 cum
948 2371 1046 2447 pedes

55 2478 194 2539 aequare
211 2477 307 2522 cursu
328 2461 479 2535 fugientes
494 2475 556 2520 non
571 2465 681 2535 posset
695 2457 830 2532 equites,
851 2456 890 2515 ab
904 2455 1046 2516 hostibus

54 2548 90 2606 ad
113 2563 228 2607 casum
247 2545 334 2620 regis
354 2543 513 2606 concitatis
535 2543 702 2602 confossus
722 2540 809 2614 perit.
840 2554 897 2597 rex
917 2539 1045 2597 circum-

54 2639 167 2692 vectus
187 2629 321 2704 paludes
342 2628 466 2703 pervias
490 2627 637 2700 inviaque
660 2623 779 2698 trepida
800 2623 872 2694 luga
892 2620 922 2678 in
945 2624 1046 2679 castra

55 2716 197 2787 tandem,
219 2714 282 2772 iam
303 2711 541 2786 desperantibus
562 2707 721 2784 plerisque
734 2705 917 2766 incolumem
931 2717 1042 2764 evasu-

54 2815 137 2874 rum,
165 2797 317 2872 pervenit.
350 2795 474 2856 ducenti
498 2792 702 2854 Macedonum
728 2790 846 2864 equites
868 2802 906 2849 eo
928 2785 1046 2863 proelio

55 2882 192 2956 periere,
215 2887 339 2941 eentum
359 2880 455 2938 lerme
473 2879 570 2953 capti,
595 2875 751 2950 octoginta
765 2871 930 2933 admodum
945 2867 1044 2931 ornati

54 2966 124 3040 equi
142 2964 364 3040 spolilsrsimul
379 2978 533 3023 armorum
548 2961 651 3020 relatIs
667 2957 799 3019 abducti.

137 3047 305 3109 XXXVIII.
327 3046 428 3107 Fuere
442 3046 496 3120 qui
510 3045 570 3106 hoe
586 3045 635 3104 dle
650 3058 755 3118 regem
769 3037 955 3124 temeritatis
972 3051 1044 3096 con-

54 3133 156 3193 sulem
176 3131 330 3207 segnitiae
350 3136 542 3191 accusarant.
575 3143 645 3188 narn
666 3135 697 3187 et
714 3125 856 3199 Philippo
883 3121 1044 3213 quiescen-

55 3217 129 3276 dum
154 3216 270 3285 luisse,
297 3230 367 3275 oum
392 3213 502 3289 paucis
528 3211 638 3272 diebus
663 3210 770 3271 hostes
791 3205 941 3267 exhausto
963 3214 1045 3260 cuca

54 3299 139 3360 omni
154 3315 230 3376 agro
246 3299 287 3359 ad
303 3299 440 3358 ultimum
455 3295 582 3371 inopiae
593 3300 741 3354 venturos
756 3291 865 3356 sciret;
887 3292 918 3346 et
932 3299 1042 3343 consu-

55 3385 123 3459 lem,
141 3400 210 3444 curn
223 3383 393 3458 equitatum
404 3380 539 3442 hostium
548 3379 709 3451 levemque
721 3381 902 3435 armaturam
913 3365 1044 3462 fudisset

55 3481 91 3526 ac
102 3483 205 3544 prope
214 3482 320 3541 regem
332 3465 435 3540 ipsum
448 3464 592 3540 cepisset,
600 3461 739 3536 protinus
747 3457 787 3516 ad
800 3457 901 3593 ⁰2⁸²OE
911 3449 1043 3509 hostium

94 3569 122 3609 r.
146 3567 208 3610 trvr
231 3566 309 3610 rans
332 3550 382 3606 IV.
816 3575 825 3594 ·
