2482 3902
208 215 322 280 llBltlt
336 217 468 278 XXXlll.
491 217 573 278 GAP.
588 226 631 282 ao.
647 227 689 282 ar.
713 222 747 298 [a.
763 226 794 278 c.
812 227 874 296 196]
967 221 1028 285 109

39 368 261 446 bisPhiiippus
276 369 453 446 deduceret,
468 386 647 448 vacuasque
659 371 945 437 traderetRomanis
957 381 1028 436 ante

41 453 239 520 Isthmiorum
260 461 391 532 tempus.
434 454 651 520 deduceretet
671 472 711 518 ex
725 455 790 533 his,
811 473 892 534 quae
905 456 936 520 in
950 456 1028 520 Asia

39 547 157 616 essent,
172 539 308 604 Euromo
322 537 515 616 Pedasisque
530 539 720 618 etBargyliis
735 548 766 602 et
779 541 849 604 Iaso
865 541 1027 620 etblyrina

39 633 68 685 et
81 625 202 702 Abydo
217 630 249 687 et
262 623 364 688 Thaso
380 629 411 684 et
423 621 582 686 Perinthoz
598 640 652 688 eas
669 642 795 702 quoque
810 625 891 688 enim
901 627 1025 702 plaeere

38 707 155 770 liberas
175 721 260 770 esse.
303 707 343 768 de
365 705 527 772 Cianorum
546 706 686 772 libertate
708 707 880 786 Quinctium
898 709 1025 776 Prusiae

39 792 247 870 Bithynorum
267 789 335 868 regi
349 789 487 856 scribere
502 789 576 868 quid
597 793 717 858 senatui
737 801 768 854 et
788 794 896 856 decem
916 794 1025 869 legatis

40 875 224 952 placuisset.
267 873 409 951 captivos
434 877 672 952 transfugasque
696 877 827 940 reddere
850 876 1026 957 Philippum

42 959 206 1032 Romanis,
227 967 259 1024 et
272 958 362 1022 navis
378 958 479 1024 omnis
493 968 590 1024 tectas
611 961 732 1024 hedera
749 969 872 1038 praeter
887 961 1025 1040 quinque

40 1055 70 1106 et
84 1044 202 1122 regiam
217 1060 310 1108 ω
324 1042 468 1110 inhabilis
478 1059 579 1122 prope
589 1043 816 1122 magnitudinis,
832 1062 924 1122 quarn
935 1047 1025 1108 sede·

41 1129 99 1192 cim
111 1145 231 1190 versus
241 1143 396 1192 remorum
409 1129 550 1204 agebant.
585 1145 625 1190 ne
644 1130 714 1208 pius
730 1127 867 1206 qunque
881 1129 964 1194 milia
977 1147 1025 1193 ar-

40 1223 194 1276 matorum
207 1212 350 1288 haberet,
364 1228 444 1276 nese
459 1213 655 1290 elephantum
670 1213 773 1276 ulium.
809 1213 923 1278 betium
937 1221 1025 1280 eaba

39 1296 244 1362 Macedoniae
258 1297 338 1362 fines
352 1313 392 1362 ne
405 1295 527 1362 iniussu
541 1305 668 1362 senatus
681 1304 811 1376 gereret
832 1296 915 1362 mille
929 1298 1025 1362 taien-

40 1392 101 1448 tam
116 1383 207 1446 daret
219 1383 340 1458 populo
352 1381 502 1454 Romano,
519 1380 678 1446 dimidium
689 1397 850 1460 praesens,
865 1379 1025 1450 drauum

40 1464 247 1544 pensionibus
261 1467 370 1530 dacem
382 1481 542 1530 annorum.
564 1464 708 1530 Valerius
721 1463 831 1532 Antbs
844 1473 1025 1542 quammtun

39 1551 156 1616 milium
177 1551 283 1626 pondo
305 1550 422 1626 argenti
441 1549 573 1626 vectigal
592 1549 624 1610 in
645 1549 754 1614 decern
775 1566 875 1616 annos
896 1550 1025 1631 imposi-

40 1646 102 1702 tum
115 1634 187 1712 regi
200 1634 306 1706 tradit;
324 1633 469 1700 Claudius
484 1633 516 1696 in
530 1651 630 1698 annos
644 1633 766 1710 triginta
781 1643 929 1714 quaterna
942 1633 1026 1696 milia

41 1721 148 1798 pondo
168 1727 200 1784 et
219 1719 356 1793 ducena,
388 1734 539 1796 praeseus
559 1717 668 1793 viginti
687 1718 770 1782 mitia
783 1719 900 1798 pondo.
942 1717 1025 1782 idem

40 1803 221 1868 nouunmim
234 1803 388 1868 adiectum
402 1802 510 1865 scribit
518 1819 558 1863 ne
573 1819 643 1866 cum
652 1803 790 1866 numere
800 1803 894 1870 atui
908 1803 971 1866 iilic
982 1833 1026 1847 -

41 1906 142 1954 novus
156 1887 186 1950 is
200 1897 264 1952 tum
277 1903 334 1954 rex
348 1895 466 1955 erat—
479 1887 593 1950 bellurn
607 1895 736 1964 gereret.
759 1886 791 1949 in
804 1887 882 1950 haee
898 1886 1025 1950 obsides

44 1971 173 2050 recepti,
187 1971 267 2036 inter
282 1988 362 2048 qums
376 1970 686 2048 DemetriusPhilippi
697 1970 788 2032 filius.
813 1969 909 2036 adicit
916 1971 1025 2038 Antias

45 2051 187 2120 Valerius
199 2057 305 2120 Attalo
319 2054 440 2118 absenti
456 2055 610 2132 acerinam
634 2055 767 2120 insulam
781 2055 1026 2136 elephantosque

42 2144 126 2206 dono
142 2142 249 2216 datos,
270 2149 301 2204 et
319 2139 449 2206 Rhodiis
465 2139 686 2206 Stratoniceam
701 2138 870 2220 Cariaeque
883 2139 961 2204 alias
975 2156 1025 2200 ur-

41 2228 114 2301 bes,
133 2241 216 2302 quas
229 2223 389 2302 Philippus
403 2225 567 2295 tenuisset·
583 2223 824 2289 Atheniensibus
839 2223 958 2290 insulas
971 2224 1025 2284 da-

42 2320 99 2385 tas,
113 2311 274 2382 Lemnum,
288 2309 431 2382 Imbrum,
444 2309 562 2383 Delum
578 2307 720 2387 Scyrum.

125 2393 233 2456 XXXI.
271 2391 419 2458 Omnibus
440 2392 588 2456 Graeciae
608 2392 783 2458 civitatibus
808 2393 889 2456 hanc
915 2407 1025 2466 pacem

43 2477 290 2558 approbantibus
299 2476 467 2542 eoliAetcli
478 2477 635 2540 decretum
645 2477 754 2538 decern
764 2477 935 2552 legatorum
947 2475 1025 2538 clam

42 2569 221 2628 mussamm
236 2562 411 2638 carpebant.
442 2559 559 2624 litteras
573 2558 674 2622 inanis
688 2576 770 2622 vana
783 2557 890 2636 specie
904 2558 1023 2620 liberta·

43 2648 81 2712 tis
95 2647 297 2712 adumbratas
311 2657 400 2710 assez
414 2661 470 2710 cur
483 2643 566 2708 enim
579 2643 656 2706 alias
667 2641 814 2708 Romanis
828 2640 907 2706 badi
921 2641 1026 2715 urbes,

43 2749 101 2794 nec
115 2729 269 2794 nominari
283 2747 353 2804 eus,
368 2729 446 2795 alias
461 2726 626 2801 nominari,
647 2737 678 2790 et
692 2726 760 2790 sine
773 2725 937 2792 traditbna
950 2723 1026 2788 libe-

42 2835 94 2879 res
107 2815 311 2889 interresse,
327 2813 388 2878 uisi
403 2813 502 2892 quod,
523 2829 605 2890 quae
618 2811 650 2874 in
664 2811 741 2876 Asia
755 2809 830 2886 unt,
850 2810 1026 2887 liberentur,

45 2899 269 2978 bugiuouitate
282 2899 354 2976 ipsa
369 2899 512 2972 tutiores,
535 2914 615 2975 quae
635 2898 666 2958 in
681 2895 810 2962 Graecia
824 2894 899 2970 sint,
916 2911 955 2960 ne
970 2911 1025 2957 no·

44 2985 178 3048 minatae
199 2982 324 3062 quidam
349 2981 595 3060 intercipiantur,
622 2981 785 3046 Corinthus
805 2987 837 3042 et
854 2979 973 3044 Chalcis
995 2987 1027 3042 et

46 3069 144 3132 Oreus
160 3085 231 3132 curn
244 3067 385 3134 Erethria
398 3077 429 3130 et
441 3066 643 3130 Demetriade.
667 3082 724 3128 nec
740 3072 803 3130 tota
817 3081 858 3128 ex
870 3080 952 3128 vanc
968 3063 1025 3126 cri-

45 3156 169 3218 minatio
186 3161 261 3215 erat.
284 3150 479 3218 dubitabatur
493 3151 574 3214 euim
589 3153 628 3212 de
644 3150 787 3214 Corintho
799 3155 830 3215 et
841 3148 984 3213 Chalcide
996 3155 1027 3208 et

44 3236 255 3311 Demetriade,
278 3237 352 3314 auia
365 3235 397 3298 iu
413 3236 711 3310 senatusconsulto,
734 3250 796 3312 quo
817 3233 904 3298 ntisai
919 3233 1026 3296 decem

45 3323 137 3398 legati
152 3323 191 3386 ab
204 3323 282 3384 urbe
297 3329 398 3395 erant,
420 3329 541 3384 ceterae
556 3319 702 3384 Graeciae
716 3327 809 3396 atque
822 3317 918 3382 Asiae
932 3313 1026 3378 urbes

46 3407 127 3468 haud
141 3407 236 3470 dubie
248 3406 464 3478 liberabantur,
481 3405 520 3466 de
528 3405 567 3468 iis
578 3405 675 3468 tribus
688 3403 815 3468 urbibus
826 3399 927 3477 legati,
943 3397 1027 3476 quod

46 3501 188 3569 temporo
198 3489 245 3553 rei
255 3490 399 3568 publicae
410 3491 630 3567 postulassent,
648 3488 756 3552 idere
771 3485 894 3564 publica
903 3483 1028 3560 fideque
