2480 3904
253 172 368 231 LIBER
382 171 528 232 XXXVII.
552 171 634 232 CAP.
648 181 675 234 3.
689 181 715 235 4.
738 179 775 246 [a.
789 180 822 232 C.
836 180 898 247 teo]
1004 175 1066 238 263

85 322 177 383 nonis
191 321 326 383 Lucinae
341 323 486 396 templum
507 321 545 380 de
567 322 652 382 eaelo
673 327 786 382 tactum
808 329 873 382 erat
892 323 947 396 ita,
968 330 1002 386 ut
1023 325 1063 384 la·

84 406 211 480 stigium
223 405 395 480 valvaeque
411 405 661 466 deformarentur.
683 404 817 466 Puteolis
832 407 970 482 pluribus
988 408 1064 472 locis

84 505 193 550 murus
214 495 245 548 et
267 495 357 562 porta
378 487 502 548 fulmine
523 489 583 549 ieta
602 495 632 550 et
653 489 715 548 duo
737 488 876 550 homines
893 490 1064 552 exanimati.

83 572 216 632 Nursiae
227 585 339 631 sereno
351 571 426 632 satis
438 571 598 632 constabat
611 571 744 632 nimbum
756 569 871 642 ortum,
886 573 928 634 ibi
939 589 1064 650 quoque

83 655 167 715 duos
181 655 295 716 liberos
308 654 447 715 hemines
462 655 661 716 exanimatos.
682 663 764 716 terra
778 657 860 731 apud
876 671 910 716 se
924 657 1063 732 pluvisse

80 737 251 799 Tusculani
265 737 457 812 nuntiabant,
479 745 509 798 et
521 737 641 799 Reatini
662 740 774 799 mulam
794 740 824 798 in
848 755 921 814 agro
937 755 993 802 suo
1009 757 1062 817 pe·

81 821 216 896 perisse.
239 837 276 880 ea
290 829 460 896 procurata,
476 821 662 898 Latinaeque
678 823 872 896 instauratae,
889 825 972 898 quod
984 824 1061 888 Lau-

80 905 222 964 rentibus
239 905 354 979 carniS,
377 920 456 980 qrrce
476 904 542 964 dari
562 905 669 978 debet,
691 905 762 966 data
782 921 843 968 non
858 908 965 966 luerat.
988 924 1061 983 sup·

80 985 209 1062 plicatio
226 992 351 1062 quoque
365 1003 470 1048 aarum
483 987 663 1062 religionum
676 1003 771 1049 eausa
784 989 854 1062 luit,
877 990 987 1064 quibus
1003 991 1060 1052 diis

78 1071 250 1131 decemviri
269 1085 309 1130 ex
329 1071 414 1131 libris
434 1077 468 1130 ut
487 1071 574 1130 tieret
597 1071 767 1132 ediderunt.
798 1071 904 1131 decern
928 1073 1060 1148 ingenui,
1120 1110 1123 1115 ·

78 1154 193 1213 decern
210 1154 360 1229 virgines,
384 1155 504 1230 patrimi
519 1169 626 1214 omnes
640 1155 845 1230 matrimique,
867 1155 952 1215 adid
968 1159 1060 1218 sacri·

80 1237 187 1298 ficium
202 1237 343 1306 adbibita
366 1245 397 1298 ct
411 1237 574 1298 decemviri
595 1245 685 1299 noete
705 1237 886 1300 lactentibus
907 1253 971 1299 rem
985 1239 1060 1300 divi·

79 1335 154 1380 nam
169 1323 315 1381 iecerunt.
343 1321 375 1380 P.
392 1321 549 1381 Cornelius
571 1320 674 1396 Scipio
694 1322 859 1382 Alrieanus
879 1322 1060 1398 priusquam

78 1403 346 1478 proficisceretur,
370 1405 516 1465 lornieem
530 1406 560 1464 in
575 1405 722 1480 capitolio
739 1405 889 1466 adversus
905 1406 1061 1482 viamque

78 1487 112 1546 in
134 1486 314 1562 Capitolium
335 1489 522 1562 ascenditur,
549 1503 617 1548 eum
639 1490 735 1564 signis
757 1497 876 1564 septem
896 1491 1010 1551 auratis
1031 1497 1061 1550 et

77 1570 172 1644 equis
197 1569 334 1645 duobus,
367 1579 398 1632 et
427 1587 597 1632 marmorea
621 1573 682 1636 duo
709 1572 795 1632 labra
819 1579 888 1631 ante
912 1573 1059 1634 fornicem

79 1654 195 1728 posuit.

166 1736 225 1796 Per
236 1752 290 1798 eos
303 1737 368 1798 dies
380 1738 536 1814 principes
543 1740 721 1799 Aetolorum
732 1748 794 1799 tres
806 1747 836 1799 et
848 1739 1058 1815 quadraginta,

78 1822 160 1880 inter
174 1835 254 1896 quos
264 1822 456 1882 Damocritus
469 1831 498 1880 et
510 1821 602 1881 irater
616 1823 683 1882 eius
699 1829 798 1894 erant,
815 1822 854 1880 ab
869 1822 989 1882 duabus
1003 1839 1057 1883 eo-

77 1903 220 1965 hortibus
234 1905 338 1965 missis
353 1919 371 1964 a
384 1904 434 1964 Μ’.
449 1904 548 1965 Acilio
563 1905 689 1965 Romam
712 1904 835 1965 deducti
856 1910 887 1964 et
900 1905 931 1963 in
944 1905 1058 1966 Lautu-

78 1989 159 2049 mias
183 1987 313 2049 coniecti
337 1996 418 2048 sunt.
451 1987 593 2048 cohortes
614 1988 686 2047 inde
707 1987 747 2046 arl
766 1985 930 2046 exercitum
956 1987 1057 2047 redire

77 2072 117 2130 L.·
129 2071 287 2131 cornelius
303 2073 411 2132 consul
424 2069 523 2132 iussit.
545 2073 635 2146 legati
651 2070 689 2130 ab
699 2069 874 2130 Ptolemaeo
890 2069 1057 2145 etcleopa·

78 2161 128 2216 tra
141 2155 266 2230 regibus
281 2155 431 2233 Aegypti,
454 2155 638 2228 gratulantes
655 2153 738 2228 quod
753 2153 803 2212 Μ’.
817 2153 934 2213 Acilius
950 2157 1055 2214 consul

77 2237 264 2298 Antiochum
278 2253 381 2312 regem
395 2237 521 2298 Graecia
534 2239 717 2314 expulisset,
734 2243 883 2298 venerunt
893 2237 1054 2298 adhortan-

77 2330 206 2396 tesque,
222 2321 300 2382 utin
312 2321 418 2381 Asiam
429 2321 594 2381 exereitum
604 2322 781 2381 traicerent:
800 2321 902 2380 omnia
916 2323 1057 2394 perculsa

78 2411 162 2465 metu
177 2421 239 2465 non
259 2405 290 2464 in
304 2405 380 2465 Asia
400 2405 491 2466 modo
513 2405 570 2463 sed
590 2405 681 2464 etiam
700 2405 731 2462 in
746 2402 838 2480 Syria
856 2417 944 2473 esse;
965 2418 1056 2478 rages

78 2488 216 2564 Aegypti
231 2487 270 2548 ad
285 2503 322 2547 ea
337 2503 417 2563 quae
431 2488 605 2548 censuisset
618 2493 743 2547 sanatus
755 2493 880 2559 paratos
892 2487 968 2545 lore.
987 2501 1055 2560 gra·

77 2571 138 2630 tiae
152 2571 280 2646 regibus
294 2578 395 2642 actae;
416 2572 524 2646 legatis
539 2586 667 2631 munera
680 2569 745 2628 dari
760 2569 859 2643 iusso,
875 2568 905 2626 in
918 2569 1055 2642 singulos

79 2659 262 2729 quaternum
276 2654 390 2716 milium
407 2655 498 2714 aeris.

161 2737 216 2797 lv.
236 2738 270 2798 L.
279 2737 436 2798 Cornelius
449 2740 557 2799 consul
572 2736 713 2812 peractis,
722 2751 802 2813 quae
808 2738 925 2798 Romae
936 2735 1055 2809 agenda

75 2831 180 2893 erant,
204 2838 259 2897 pro
276 2823 416 2884 contione
431 2822 538 2896 edixit,
559 2829 593 2882 ut
606 2821 730 2894 milites,
753 2835 832 2896 quos
854 2819 967 2895 ipsein
982 2833 1055 2894 sup·

78 2906 263 2979 piamentum
279 2906 457 2981 scripsisset
471 2907 586 2982 quique
600 2905 632 2964 in
642 2903 767 2965 Bruttiis
781 2919 851 2964 cum
863 2905 902 2963 A.
915 2902 1054 2964 Cornelio

78 2994 281 3070 propraetore
293 2995 411 3062 essent,
428 2995 459 3048 ut
472 2989 503 3048 hi
518 3003 625 3049 omnes
636 2988 737 3048 idibus
750 2987 949 3061 Quinctilibus
958 2987 1054 3048 Brun-

77 3069 192 3132 disium
206 3073 412 3132 convenirent.
435 3072 507 3132 item
517 3079 581 3133 tres
593 3073 712 3146 legatos
723 3071 902 3144 nominavit,
920 3069 992 3130 Sex.
1004 3069 1054 3129 Di·

76 3153 182 3228 gitium
202 3155 235 3213 L.
250 3157 414 3230 Apustium
434 3153 466 3215 0.
480 3155 651 3215 Fabricium
670 3153 849 3225 Luscinum,
875 3153 928 3228 qui
947 3168 986 3212 ex
1000 3168 1054 3212 oro

78 3237 227 3298 maritima
241 3239 376 3314 undique
391 3239 478 3300 navis
489 3238 685 3298 Brundisium
697 3237 923 3306 conuenerenn
949 3243 980 3295 et
990 3249 1054 3295 em-

77 3320 169 3380 nibus
190 3322 250 3382 iam
270 3324 384 3396 paratis
405 3323 570 3397 paludatus
592 3321 630 3381 ab
651 3319 727 3380 urbe
748 3327 796 3380 est
815 3321 982 3395 proiectus.
1014 3317 1052 3378 ad

77 3403 213 3479 quinque
229 3406 310 3466 mbia
325 3406 579 3479 voluntariorum,
594 3405 722 3465 Romani
737 3403 890 3478 sociique,
907 3403 959 3478 qui
973 3416 1050 3462 enre-
