2482 3902
222 236 338 298 LIBER
351 236 485 298 xxxiv.
507 235 590 299 dAP.
605 247 648 302 19.
664 249 707 301 ao.
731 246 767 314 [a.
782 246 815 300 c.
832 245 894 316 1⁹5]
981 242 1041 310 141

56 389 172 450 Manlio
196 387 337 449 Celtiberi
355 389 499 450 mercede
519 388 611 452 exciti
631 390 670 451 ab
691 391 848 469 hostibus,
874 395 953 458 sicut
973 403 1043 458 ente

54 473 243 548 dictumest,
262 472 424 534 iaciebant.
457 474 562 549 itaque
576 489 614 535 eo
630 478 738 537 consul
753 478 921 540 arcessitus
935 481 1042 544 litteris

54 557 211 632 praetoris
225 557 364 632 legiones
375 557 470 619 duxit.
493 557 546 618 ubi
558 573 596 618 eo
607 560 699 635 venit,
711 569 866 622 -castm
877 566 1042 640 separatim

54 641 201 702 Celtiberi
224 647 256 701 et
275 641 439 702 Turdetani
463 641 675 703 habebant—
688 660 758 705 cum
782 645 962 708 Turdetanis
988 665 1042 710 ex-

52 727 170 822 templo
186 724 265 786 levia
279 726 411 801 proelio,
433 726 649 788 incursantes
640 745 671 788 m
686 730 835 791 statioms
850 745 965 808 eorum,
981 733 1041 796 Ro·

53 811 135 870 meni
148 811 252 870 lacere
253 824 458 886 semperque
467 810 601 874 victores
608 828 648 873 ex
656 829 796 889 quamvis
807 821 922 878 temere
929 825 1041 894 coepto

54 895 221 955 certamine
235 893 330 954 abire.
351 893 393 954 od
404 893 593 957 celtiberos
584 913 615 956 tn
630 897 818 974 colloquium
830 901 971 963 tribunos
986 904 1041 962 mi·

52 977 170 1040 litum
162 993 207 1037 tre
222 978 345 1050 consul,
368 979 512 1056 alquons
525 979 616 1042 trium
631 982 844 1046 condicionum
860 986 1040 1047 electionem

52 1065 134 1123 ierre
159 1061 257 1136 iubet,
283 1061 428 1138 primam,
454 1063 481 1124 si
501 1065 632 1125 transire
652 1066 693 1126 ad
712 1067 870 1129 Romanos
894 1071 990 1132 velint
1011 1079 1042 1132 et

52 1148 172 1224 duplex
192 1145 378 1222 stipendium
399 1147 542 1223 accipere
559 1166 652 1226 quom
667 1157 813 1226 quantum
827 1167 846 1212 a
859 1153 1040 1216 lurdetcmis

51 1231 262 1308 pepigissent3
283 1231 417 1307 alteram
432 1231 460 1292 si
471 1232 582 1295 domos
594 1234 688 1308 abire,
705 1235 901 1310 publicadde
912 1246 1041 1314 accepta

51 1315 127 1376 nihil
149 1331 218 1376 eam
238 1331 303 1376 rem
323 1315 435 1377 noxiae
451 1316 600 1391 suturam,
623 1318 707 1395 quod
723 1319 864 1382 hostibus
879 1336 915 1381 se
928 1323 1039 1384 Roma-

52 1415 163 1462 norum
177 1399 366 1471 iunxisscnt;
388 1399 516 1472 tertiam,
532 1402 559 1462 si
571 1403 677 1478 utique
688 1403 801 1466 bellum
813 1406 943 1482 placeat,
959 1406 1039 1466 diem
1073 1433 1075 1438 =

52 1487 219 1561 locumque
233 1484 429 1558 constituant,
443 1485 495 1545 nbi
510 1501 616 1547 secum
631 1487 724 1549 armis
739 1489 914 1552 decernant.
939 1506 958 1550 a
974 1490 1039 1552 Cel-

51 1568 160 1630 tiberis
181 1568 249 1630 dies
269 1569 309 1630 ad
330 1569 566 1631 consultandum
580 1572 684 1646 petita.
718 1573 881 1635 concilium
895 1574 1038 1635 immixtis

51 1651 234 1715 Turdetanis
245 1653 382 1714 habitum
393 1669 504 1729 magno
517 1671 586 1717 cum
596 1658 740 1718 tumultu:
756 1673 794 1718 eo
805 1658 905 1720 minus
914 1659 1038 1720 decerni

53 1738 218 1814 quicquam
239 1737 347 1813 potuit.
380 1753 450 1798 cum
470 1738 585 1801 incerta
604 1741 716 1802 bellurn
732 1757 770 1801 an
788 1759 851 1819 pax
866 1758 936 1804 cum
950 1743 1038 1805 Celti-

52 1821 134 1884 beris
150 1828 265 1896 essent,
283 1829 471 1883 commeatus
485 1829 587 1884 tomen
602 1823 686 1886 haud
702 1839 793 1886 secus
810 1843 901 1902 quem
916 1828 946 1888 in
960 1843 1039 1903 pace

53 1922 89 1966 ex
100 1906 186 1984 agris
199 1907 396 1982 castellisque
402 1906 536 1968 hostium
542 1908 672 1969 Romani
683 1910 854 1984 portabant,
863 1909 934 1972 deni
941 1926 1038 1988 saepe

53 1991 238 2066 munimenta
254 2006 375 2065 eorum,
400 1992 485 2052 velut
499 1991 652 2054 communi
667 2000 758 2068 pacto
776 1995 959 2056 commercio
975 1997 1036 2071 pri·

53 2077 130 2138 vatis
146 2075 281 2150 indutiis,
297 2075 514 2151 ingredientes.
543 2077 653 2138 consul
667 2076 719 2138 ubi
731 2077 830 2140 hostis
846 2078 884 2139 ed
901 2095 1036 2155 pugnarn

54 2159 163 2222 elicere
182 2159 304 2236 nequit,
325 2161 456 2235 primum
470 2161 650 2236 praedatum
665 2163 724 2224 sub
740 2163 837 2238 signis
852 2163 969 2242 aliquot
983 2179 1036 2224 ex·

54 2245 171 2320 pedites
187 2244 323 2307 cohortis
338 2245 368 2303 in
383 2259 491 2319 agrum
504 2244 640 2321 integrae
654 2247 790 2322 regionis
802 2249 902 2319 ducit;
925 2249 1037 2311 deinde

54 2329 155 2390 audito
172 2327 339 2406 Seguntiae
354 2327 537 2390 Celtiberum
558 2332 657 2392 omnis
679 2333 818 2394 sarcinas
837 2333 1036 2409 impedimen·

54 2418 144 2490 taque
163 2414 286 2488 relicta,
309 2429 346 2474 eo
367 2413 467 2488 pergit
487 2413 601 2477 ducere
614 2416 655 2475 ad
670 2419 921 2492 oppugnandum.
950 2424 1036 2492 post·

55 2514 144 2572 quam
168 2498 252 2558 nulla
276 2503 438 2559 moventur
456 2513 507 2574 re,
534 2501 692 2574 persoluto
714 2501 867 2574 stipendio
888 2515 951 2561 non
971 2500 1036 2561 suis

53 2582 143 2643 modo
165 2582 221 2644 sed
243 2583 334 2645 etiam
349 2583 501 2658 praetoris
520 2581 680 2658 militibus,
701 2583 871 2660 relictoque
885 2584 968 2645 omni
982 2599 1031 2644 ex-

55 2666 146 2727 ercitu
166 2665 322 2741 incastris
343 2667 520 2742 praetoriis,
543 2665 613 2742 ipse
634 2683 702 2728 cum
724 2672 843 2743 septem
857 2666 1036 2729 cohortibus

55 2749 222 2811 adiberum
233 2757 466 2827 estregressus.
485 2751 550 2814 XX.
572 2759 681 2813 eatam
693 2751 908 2827 exiguamenu
920 2752 1036 2828 oppida

55 2832 167 2909 aliquot
182 2835 272 2912 cepit.
299 2836 442 2898 deiecere
457 2836 496 2897 ad
511 2851 582 2897 eum
596 2834 749 2910 Sedetani,
765 2836 923 2912 Ausetani,
941 2835 1035 2899 Sues-

56 2919 158 2980 setani.
174 2919 355 2996 Lacetanos,
368 2919 488 2981 deviam
500 2928 531 2982 et
539 2920 712 2982 silvestrem
721 2928 852 2998 gentem,
865 2937 933 2983 curn
945 2921 1036 2983 insita

56 3000 155 3064 teritos
170 3003 348 3066 continebat
361 3005 392 3065 in
409 3005 516 3080 armis,
537 3012 602 3066 tum
617 3005 821 3081 conscientia,
837 3006 910 3068 dum
926 3007 1054 3087 consul·

57 3088 268 3166 exercitusque
277 3089 413 3152 Turdulo
428 3089 509 3150 bello
525 3096 573 3151 est
584 3097 763 3168 occupatus,
778 3091 1035 3167 depopulatorum

57 3170 160 3233 subitis
174 3172 403 3237 incursionibus
418 3174 583 3236 sociorum.
605 3175 696 3251 igitur
709 3176 750 3237 ad
764 3175 914 3252 oppidum
929 3189 1034 3235 eorum

57 3257 292 3332 oppugnandum
308 3259 416 3320 consul
431 3257 514 3319 ducit
528 3273 589 3320 non
600 3260 755 3322 Romanas
770 3260 863 3321 modo
879 3257 1034 3328 cohortes,

57 3337 110 3398 sed
133 3339 319 3404 iuventutem
344 3343 434 3404 etiam
459 3343 567 3404 morito
591 3343 813 3406 infensorum
805 3344 843 3403 tis
866 3341 1031 3403 sociorum.

58 3422 199 3498 oppidum
213 3426 371 3502 longum,
362 3443 393 3487 m
408 3425 595 3488 latitudinem
606 3427 844 3504 haudquaquam
854 3425 1032 3486 tantundem.

58 3512 158 3578 patens
178 3508 341 3574 habebant.
375 3511 615 3587 quadringentos
634 3512 706 3572 inde
721 3513 815 3572 ferme
830 3525 943 3587 passus
959 3525 1030 3572 con-
