2482 3902
247 211 361 273 LIBER
376 211 509 273 XXXIII.
527 210 609 273 cni.
625 221 651 274 7.
667 219 694 277 8.
714 217 752 288 [a.
768 217 802 272 C.
821 220 883 288 ltlt]
1012 221 1053 284 89

87 372 204 437 cuaset,
217 380 328 442 magna
342 371 431 441 parte
446 363 604 426 hominurn
619 365 719 428 omnis
734 367 859 443 generis
876 369 1055 444 pabulatum

87 451 170 512 mlesa
183 449 367 526 aliquamdiu
382 448 475 525 inops
492 448 613 510 consilii
627 451 810 527 trepidavit;
837 451 953 513 deiude
968 461 1056 529 post·

88 549 167 611 quam
188 532 281 594 nuntii
305 533 477 606 instabant,
499 539 533 594 et
550 532 610 593 iarn
633 533 704 612 iuga
724 535 874 598 montium
894 536 1058 600 detonuerat

87 620 192 691 nebula
207 616 281 679 etin
297 624 469 693 conspeetu
485 617 771 680 cranallacedonas
787 619 818 680 in
832 623 983 682 tumulum
993 637 1057 682 rna·

88 703 157 762 nine
175 702 289 762 aditum
308 703 389 762 iuter
410 701 489 762 alies
511 701 682 778 compulsi,
704 705 775 766 lccc
797 719 835 765 se
849 703 947 780 magis
963 721 1056 781 quam

87 787 167 847 arnis
181 792 333 858 tutantes,
350 785 601 846 committendam
616 801 719 848 rerum
734 803 888 850 summam
903 788 934 849 in
950 788 1057 852 cuai-

87 885 145 930 nen
160 875 324 946 utcumque
338 875 440 944 ratus,
455 869 608 945 nepertia
626 871 809 934 indefensae
823 873 941 934 iactati-a
955 872 1056 948 lieret
1167 899 1170 906 ·

87 953 298 1032 Athenagoram
318 953 430 1014 ducem
451 953 597 1014 mercede
619 954 810 1026 militantium
826 973 896 1018 cunr
913 955 1055 1020 omnibus

88 1045 191 1114 praeter
205 1037 340 1100 Thracas
354 1036 477 1099 auxiliis
490 1043 525 1098 et
539 1037 676 1114 equitatu
691 1039 896 1102 Macedonum
912 1057 950 1101 ac
960 1039 1042 1104 ‘lites

88 1125 205 1183 solorum
220 1121 319 1184 mittit.
349 1137 457 1182 ecrurn
476 1122 611 1182 adventu
632 1123 756 1199 depulsi
778 1124 818 1184 ab
838 1124 1049 1200 legationen

88 1223 138 1267 non
148 1214 213 1268 anta
225 1205 406 1268 restiterunt
418 1222 509 1282 quarn
522 1204 553 1265 in
567 1205 857 1282 planioremvallem
870 1215 1055 1284 perventum

88 1298 133 1353 est.
162 1307 199 1350 ne
218 1290 321 1352 effusa
343 1289 582 1351 detruderentur
595 1291 685 1366 iuga,
708 1290 872 1368 plurimum
887 1291 918 1352 in
933 1294 1056 1355 Aetolis

88 1373 221 1449 equitibus
240 1372 390 1452 praesidii
409 1373 477 1434 luit.
512 1374 540 1434 is
559 1375 653 1450 longe
674 1382 737 1436 tum
754 1373 890 1452 optimus
911 1391 1010 1450 eques
1025 1376 1056 1437 in

89 1453 197 1518 Graecia
209 1466 293 1521 erat:
310 1457 415 1535 pedite
425 1456 505 1518 inter
516 1457 662 1520 tinuimus
674 1460 887 1523 vincebantur.
900 1459 980 1520 vlll.
993 1461 1057 1522 lac·

87 1540 135 1604 tior
148 1559 196 1605 res
217 1559 313 1620 quarn
338 1558 394 1618 pro
415 1556 569 1604 successu
590 1557 716 1619 pugnae
732 1541 884 1617 nuntiata,
912 1559 983 1604 curn
1004 1542 1055 1605 alii

87 1642 165 1701 super
184 1629 261 1690 alios
288 1632 485 1688 recurrentes
502 1641 541 1686 ex
554 1627 676 1702 proelio
693 1629 863 1688 clamarent
878 1629 987 1704 lugere
1003 1643 1056 1704 pu·

87 1709 161 1772 vidos
177 1711 349 1786 Romanos,
366 1709 496 1770 invitum
512 1715 544 1770 et
555 1712 802 1773 cunctabundum
816 1719 848 1773 et
863 1709 1056 1773 dicentem*

85 1803 182 1856 tenere
196 1794 276 1869 lieri,
291 1812 353 1856 non
369 1797 471 1856 locunt
483 1793 682 1870 sibiplacere,
691 1811 753 1856 non
766 1802 900 1872 tempus,
912 1794 1055 1876 perpulit,

85 1885 111 1937 ut
127 1879 268 1942 educeret
289 1893 398 1940 omnes
418 1877 526 1954 coplas
546 1879 577 1937 in
600 1878 708 1941 aciem.
734 1877 816 1940 idem
839 1887 870 1940 et
883 1881 1055 1954 Romanus,

85 1962 165 2039 nugis
178 1962 368 2026 necessitate
382 1977 474 2039 quam
487 1960 654 2023 occasione
667 1978 792 2040 pugnae
807 1963 962 2037 inductus,
972 1963 1055 2024 iecit.

86 2045 209 2108 dextnrnr
221 2044 499 2121 curnuelephantis
511 2052 583 2107 ante
595 2045 684 2123 signa
695 2045 853 2108 instructis
865 2048 895 2107 in
907 2045 1055 2108 subsidiis

84 2130 204 2208 reliquit;
230 2133 326 2193 laevo
342 2147 411 2192 curn
430 2129 514 2190 omni
530 2129 591 2190 levi
606 2139 759 2192 armatura
773 2130 803 2191 in
819 2132 941 2193 hostem
960 2129 1054 2200 vadit,

86 2213 161 2276 simul
185 2217 358 2278 admonens
384 2230 454 2275 curn
479 2212 578 2275 Isdem
606 2213 829 2276 Macedonibus
851 2221 1054 2292 pugnaturos,

86 2315 152 2372 quos
165 2299 204 2362 ad
225 2299 313 2378 Epiri
332 2301 456 2370 lauces,
479 2299 636 2360 montibus
657 2299 900 2375 fluminibusque
915 2307 1054 2376 saeptos,

85 2382 152 2444 victa
165 2383 296 2446 naturali
309 2383 489 2445 difficultate
498 2385 640 2444 locorum
655 2383 850 2460 expulissent
861 2382 990 2459 acieque
1003 2397 1055 2442 ex-

85 2477 277 2544 pugnassent3
302 2483 370 2530 curn
386 2467 440 2539 iis,
462 2483 543 2541 quus
564 2468 597 2528 P.
616 2466 745 2543 Sulpicii
761 2466 847 2542 prius
863 2467 958 2527 ductu
973 2463 1056 2526 obsi·

86 2549 180 2614 dentes
195 2555 224 2613 in
240 2553 415 2615 Eordaeam
430 2550 546 2611 aditum
564 2549 722 2613 vicissent.
743 2552 825 2610 lama
839 2550 974 2621 stetisse,
990 2563 1055 2609 non

84 2633 397 2702 viribusltlacedcniac
410 2651 549 2709 regnum.
577 2650 646 2694 enm
661 2649 786 2710 quoque
802 2634 914 2694 famam
930 2632 1055 2693 undem

84 2721 246 2785 evanui-sse.
277 2719 337 2781 ianr
360 2727 543 2796 perventum
560 2717 601 2777 cd
621 2733 698 2779 suos
720 2717 827 2779 inimo
839 2717 922 2778 valle
937 2721 1055 2778 euntes

84 2809 146 2880 erat,
159 2807 208 2880 qui
223 2801 527 2868 adventu'exercitus
543 2801 801 2880 imperatoriaque
817 2815 951 2878 pugnant
965 2815 1055 2862 reno·

83 2896 159 2962 vent,
173 2889 351 2968 impetuque
366 2890 448 2950 iactu
463 2903 572 2948 rursus
588 2892 730 2948 avertunt
743 2887 875 2948 hesum.
894 2883 1055 2963 Philippus

83 2982 141 3030 cum
156 2975 301 3036 caetratis
317 2981 349 3035 et
370 2989 468 3034 cornu
483 2972 594 3034 dextro
609 2971 763 3048 peditum,
784 2970 899 3032 robore
909 2969 1055 3032 Macedo·

82 3052 131 3116 nici
146 3058 317 3131 exercitus,
342 3073 433 3134 quarn
448 3055 632 3132 phalangem
647 3056 815 3128 vocabant,
838 3071 938 3131 prope
960 3067 1055 3114 cursu

83 3137 115 3196 ad
127 3137 247 3202 hostem
262 3140 363 3203 vadit:
377 3139 520 3202 Nicanori
535 3155 575 3200 ex
585 3140 763 3216 purpuratis
778 3138 840 3215 uni,
856 3145 891 3200 ut
902 3153 971 3200 cum
985 3135 1055 3196 reli·

84 3223 142 3294 quis
154 3226 252 3302 copiis
262 3223 423 3287 confestim
435 3232 593 3300 sequatur,
602 3223 741 3300 imperat
753 3224 852 3300 primo
864 3228 898 3282 ut
908 3220 938 3282 in
950 3219 1054 3296 iugum

83 3308 184 3385 evasit,
206 3317 239 3372 et
259 3309 430 3372 iacentibus
445 3308 487 3368 ibi
502 3309 610 3386 paucis
625 3310 718 3370 armis
732 3305 985 3383 corporibusque
998 3301 1054 3364 hu·

83 3388 159 3454 stium
172 3394 321 3468 proelium
335 3410 373 3456 ec
385 3396 455 3455 loco
471 3391 568 3454 luisse
582 3395 755 3470 pulsosque
769 3389 1006 3450 indeRomanus
1022 3391 1055 3447 et

83 3477 203 3551 pugnari
225 3494 327 3556 prope
345 3486 444 3540 cestra
470 3477 604 3540 hostium
617 3477 715 3551 uidit,
737 3471 851 3550 ingenti
870 3471 984 3549 gaudie
1004 3476 1055 3552 est
