2480 3904
163 208 225 274 rte
342 209 457 270 steno
470 209 590 270 xxxv.
612 209 694 270 cnr.
712 221 737 272 1.
759 217 795 285 [a.
812 215 847 270 u,
862 234 886 268 ο.
900 218 965 284 seo]

160 367 219 427 lius
242 363 392 438 Cethegus
414 370 444 422 et
463 361 503 425 Μ.
519 357 672 424 Minucius
693 363 792 425 Rufus
814 363 920 426 audita
940 365 1143 444 inspectaque

160 465 194 510 re
210 463 364 524 suspensa
379 447 488 520 omnia,
504 455 612 509 neutro
627 447 780 508 inclinatis
796 449 965 525 sententiis,
980 451 1142 528 reliquere.

160 534 192 594 id
206 540 306 593 utrum
321 547 379 591 sua
393 539 504 606 sponte
518 529 653 605 iecerint,
669 547 708 592 an
722 532 795 608 quia
805 533 981 594 mandatum
994 535 1035 596 ita
1046 536 1142 610 fuerit,

160 629 224 674 non
243 623 304 677 tam
324 619 439 676 certum
454 621 516 689 cst,
539 631 630 690 quam
645 614 766 676 videtur
780 618 911 697 tempori
926 626 1032 694 aptum
1047 617 1144 680 inisse

159 702 277 776 integro
293 699 456 760 certamine
471 714 526 760 eos
537 699 678 774 relinqui.
701 713 772 760 nam
783 701 813 760 ni
825 701 866 762 ilo
877 707 970 778 esset,
985 719 1067 764 unus
1079 700 1143 763 Sci·

160 786 213 862 pio
229 785 277 844 vel
291 785 398 845 notitia
412 783 457 843 rei
471 784 521 843 vel
536 785 725 859 auctoritate,
741 783 783 844 ita
799 785 838 844 de
852 785 993 864 utrisque
1007 787 1143 862 meritus,

160 867 250 930 finire
263 875 337 930 nutu
351 867 604 944 disceptationem
618 869 780 943 potuisset.

487 1201 625 1297 riri
667 1202 808 1298 lrvt

439 1355 493 1416 AB
514 1352 633 1417 URBE
657 1354 862 1419 CONDITA

529 1467 640 1532 LIBER
660 1467 778 1535 XXXV.

578 1601 731 1612 ---—-..

163 1697 311 1752 ΕΡῙΤΟΜΕ,
345 1701 378 1750 Μ,
402 1689 486 1758 Scipio
498 1691 631 1742 Airioanus
643 1693 741 1760 legatus
758 1691 961 1744 ati-Antiochum
971 1691 1069 1759 Ephesi
1085 1709 1145 1745 cum

210 1765 363 1828 Hannibale,
381 1768 425 1832 qui
440 1776 468 1812 se
486 1761 610 1812 Antioche
629 1763 758 1823 iunxerat,
777 1761 916 1814 collocutus
927 1767 978 1828 cst,
997 1770 1040 1828 ut,
1056 1762 1144 1814 silleri

209 1842 308 1950 mmet,
319 1832 452 1892 metmnei,
470 1846 545 1894 quem
554 1847 586 1882 ex
595 1833 690 1898 populo
705 1831 820 1882 Romano
831 1837 989 1898 conceperat,
1008 1831 1142 1884 eximeret.

249 1901 334 1951 crelin
343 1917 400 1954 cum
408 1909 547 1968 quaereret,
563 1917 638 1966 quem
649 1901 729 1953 itdsse
738 1901 878 1950 maximum
887 1902 1068 1967 imperatorem
1075 1899 1143 1951 Han-

211 1967 281 2019 nibal
298 1970 422 2037 crederet,
436 1971 568 2036 respondit
583 1971 754 2023 Alexandrum
770 1970 938 2021 Macedonum
950 1981 1051 2037 regem,
1072 1971 1143 2034 qood

211 2055 291 2106 parva
304 2053 380 2090 mann
395 2037 591 2089 innumerabiles
609 2041 735 2090 exercitus
756 2038 881 2104 fudisset,
904 2037 1024 2103 quodque
1037 2037 1142 2088 irltimas

211 2121 277 2169 oras,
295 2125 358 2172 quas
369 2109 451 2160 visere
464 2121 541 2172 supra
550 2118 623 2172 spem
635 2108 773 2159 humanam
784 2116 860 2169 esset,
871 2115 1043 2174 peragrasset.
1062 2123 1141 2172 qaae·

210 2180 273 2227 renti
285 2177 389 2241 deinde,
407 2191 482 2240 quem
497 2177 635 2228 seeundum
645 2185 764 2243 poneret,
783 2176 906 2243 Pyrrhum
915 2177 1008 2242 inquit,
1023 2191 1054 2227 ec
1070 2177 1140 2240 quod

211 2253 292 2296 cestra
308 2247 397 2296 metari
412 2246 521 2310 primum
534 2247 676 2307 docuisset;
696 2247 730 2298 ad
737 2244 1073 2328 hocneminemelegantins
1083 2245 1140 2295 loca

211 2316 317 2380 cepisse,
335 2315 637 2382 praesidiadispoauissc.
664 2315 820 2380 exsequenti,
839 2331 914 2380 quem
926 2313 1026 2364 terbum
1037 2315 1140 2380 diceret,

186 2435 189 2441 ,
210 2384 383 2450 semetipsum
393 2384 465 2438 dixit.
488 2386 573 2435 ridens
587 2383 671 2451 Scipio
681 2385 822 2451 „quiddam
831 2393 859 2435 tu
870 2385 982 2449 diceres,
993 2381 1016 2433 ei
1025 2381 1087 2434 me“
1100 2383 1138 2432 itr-

211 2455 266 2518 quit
281 2455 441 2515 „vicissesi“
468 2461 540 2518 ‚‚tum
557 2455 637 2507 vero“
655 2455 736 2518 inquit
749 2469 809 2520 „me
825 2463 850 2504 et
865 2461 923 2505 ahie
931 2452 1105 2503 Alexandrum
1115 2459 1138 2502 et

208 2529 267 2574 ante
275 2523 399 2590 Pyrrhum
408 2531 432 2574 et
442 2531 499 2575 eota
511 2524 575 2576 alica
586 2537 673 2575 omnes
681 2525 853 2590 posuissem.“
880 2523 947 2573 inter
955 2529 1038 2572 cetera
1051 2521 1134 2587 prodi

210 2595 263 2660 gia,
275 2607 341 2657 quae
349 2593 458 2660 plurima
467 2592 547 2644 iuisse
555 2595 697 2654 traduntur,
706 2594 798 2644 bovem
810 2591 854 2642 Gn.
864 2591 969 2642 Domitii
978 2591 1090 2642 consulis
1100 2589 1137 2642 lo-

211 2670 296 2714 cutum
311 2663 481 2728 ‚‚Romaoave
495 2665 560 2714 tibi“
574 2662 690 2714 refertur.
714 2669 837 2728 apparant
846 2659 1034 2718 inantiochom
1043 2660 1137 2710 bellum

210 2732 327 2784 Romani.
351 2731 429 2782 Nebis
443 2733 701 2783 Lacedaemoniorum
719 2739 841 2800 tyrannus
854 2731 973 2781 incitatus
990 2729 1136 2789 ciliciolis,

211 2801 254 2862 qui
263 2806 287 2849 et
296 2799 441 2865 Philippum
458 2808 482 2850 et
490 2799 643 2851 Antiochum
658 2801 691 2850 ad
707 2801 866 2852 inferendum
880 2799 972 2850 bellum
982 2797 1077 2864 populo
1087 2797 1137 2848 Ro·

209 2879 285 2918 mano
301 2868 483 2930 sollicitabant,
499 2868 618 2935 apopulo
628 2871 742 2920 Romano
761 2870 882 2936 descivit,
898 2867 996 2920 etbello
1014 2868 1138 2918 adsersus

209 2935 432 3003 Philopoemenem
441 2937 601 2989 Achaeorum
609 2945 752 3006 praetorem
760 2947 843 3006 gesto,
852 2939 884 2989 ab
893 2939 990 2990 Aetolis
1000 2946 1025 2986 et
1035 2938 1067 2988 ab
1077 2936 1137 2986 Ale-

207 3020 316 3058 xameno
335 3007 400 3059 duce
412 3023 499 3059 eorum
517 3009 664 3060 interlectos
682 3015 730 3058 est.
759 3009 844 3060 Aetoli
859 3023 960 3072 quoque
975 3008 1007 3058 ab
1024 3007 1138 3056 amicitie

208 3077 297 3143 populi
306 3075 413 3128 Romani
430 3078 587 3134 deiecerunt:
605 3077 986 3142 cumquibussocietateiuncta
994 3071 1138 3126 Antiochus

209 3143 297 3212 Syriae
305 3162 358 3208 rex,
375 3147 536 3198 cembellum
548 3145 668 3198 Graeciae
678 3147 814 3216 intulisset,
824 3147 966 3214 complures
974 3144 1052 3196 urbas
1063 3158 1137 3194 ocsu-

209 3217 294 3281 pavit,
308 3217 374 3267 inter
386 3231 448 3281 quas
457 3213 601 3268 Chalcidem
617 3217 647 3266 et'
658 3222 737 3268 totam
750 3217 889 3268 Euboeam.
913 3219 960 3266 res*
970 3211 1136 3281 praetereain

208 3285 343 3352 Liguribus
353 3294 439 3352 gestae
450 3293 474 3337 et
483 3292 633 3351 apparatum
644 3283 747 3336 bellich
757 3285 881 3336 Antiocho
894 3283 1013 3336 continet

240 3385 263 3447 i.
290 3383 442 3462 Principio
458 3387 528 3446 anni
544 3403 605 3460 quo
619 3387 697 3448 haec
711 3393 798 3464 gesta
812 3393 892 3462 sunt,
916 3387 988 3448 Sex.
1005 3386 1136 3463 Digitius

159 3473 281 3540 praetor
301 3469 332 3527 in
351 3469 500 3544 Hispania
525 3471 664 3531 citeriore
691 3487 760 3531 cunr
783 3471 953 3533 civitatibus
974 3471 1027 3548 iis,
1055 3483 1144 3547 quac·
