2480 3904
160 181 223 249 232
274 183 388 244 llBlllt
399 181 532 243 xxxvl.
555 181 638 242 chr.
651 189 693 243 ιι.
708 191 749 244 ra.
765 189 804 244 ra
828 187 864 255 [a.
878 185 913 241 rr.
925 205 950 241 e.
961 188 1024 256 cor]

159 343 283 408 nactas,
307 330 448 396 trecentis
468 333 627 407 Medione,
650 333 789 394 ducentis
804 332 909 411 lhyrii
931 333 961 393 ia
983 333 1141 410 praesidio

160 418 285 496 positis,
309 417 340 478 id
354 418 465 494 agebat
477 423 511 477 nt
524 433 580 492 pro
597 415 756 478 obsidibus
778 417 868 477 laturi
883 416 1025 480 venirent
1038 417 1069 478 in
1086 435 1141 493 po-

159 509 298 565 testatem
313 500 406 577 regis.
436 500 500 560 XII.
523 516 579 576 per
593 501 721 562 eosdem
736 500 802 562 dies
817 499 910 576 legati
922 501 1007 578 regis
1022 501 1137 563 Medio·

159 603 228 647 nem
241 592 407 656 venerunt;
430 583 543 660 quibus
565 583 676 646 auditis
698 601 767 646 oum
788 584 819 644 in
834 585 977 647 contione
994 583 1142 663 quidnam

157 669 410 746 respondendum
423 668 489 744 regi
503 675 588 730 esset
598 671 836 744 consultaretur,
851 669 944 730 etalii
955 670 1142 730 manendam

158 756 188 814 in
209 755 347 816 Romana
368 750 532 825 societate,
561 751 612 814 alii
636 769 699 814 non
725 754 952 827 aspernandam
976 751 1142 814 amicitiam
1211 773 1212 776 ¹

157 839 239 914 regis
262 843 439 911 censerent,
463 835 567 898 media
585 837 654 898 visa
674 844 722 898 est
742 834 821 915 clyti
842 837 1011 912 sententia,
1038 852 1143 912 eoque

157 929 301 998 accepta,
327 929 361 982 ut
380 922 421 982 ad
441 936 546 997 regem
565 920 718 982 mitterent
737 921 856 996 legatos
876 929 1082 996 peterentque
1103 921 1142 980 ab

157 1022 211 1080 eo,
236 1011 270 1069 ut
288 1004 462 1066 Medionios
483 1021 578 1081 super
602 1013 684 1067 tanta
704 1021 739 1065 re
760 1005 934 1066 consultare
953 1004 985 1065 in
1008 1003 1142 1066 concilio

156 1092 351 1151 Acarnanum
368 1097 531 1165 pateretur.
559 1089 590 1149 in
605 1105 673 1150 eam
689 1086 871 1164 legationem
884 1089 1097 1150 Mnasilochus
1113 1096 1144 1149 et

158 1173 212 1251 qui
226 1175 294 1236 eius
306 1173 449 1235 factionis
461 1181 548 1235 erant
559 1175 598 1234 de
609 1172 759 1236 industria
771 1171 912 1247 coniecti,
931 1175 1009 1234 olam
1024 1173 1140 1246 missis,

158 1258 211 1336 qui
224 1271 330 1335 regem
344 1259 511 1320 admovere
526 1257 634 1335 copias
654 1257 807 1331 iuberent,
832 1257 893 1333 ipsi
912 1259 1052 1319 terebant
1065 1265 1141 1316 tem-

180 1359 228 1406 us.
250 1343 355 1419 itaque
368 1342 495 1403 vixdum
508 1343 546 1403 iis
562 1341 697 1418 egressis
714 1342 822 1418 legatis
836 1339 1009 1402 Antiochus
1024 1341 1056 1402 in
1070 1340 1139 1400 lini·
1230 1373 1231 1380 ι

157 1357 232 1502 tus,
248 1434 278 1487 et
291 1443 365 1487 mox
378 1427 418 1486 ad
434 1432 539 1500 portas
554 1434 634 1496 erat;
650 1434 681 1486 et
691 1425 912 1502 trepidantibus
926 1425 978 1501 qui
991 1432 1138 1500 expertes

154 1509 340 1590 proditionis
363 1511 497 1582 lucrant,
518 1511 765 1583 tumultuoseque
785 1506 973 1570 iuventutem
995 1510 1035 1571 ad
1053 1523 1140 1568 arma

155 1593 337 1657 vocantibus
353 1593 391 1652 ab
405 1591 493 1670 Clyto
505 1593 736 1654 etlllnasilocho
751 1593 782 1654 in
795 1593 903 1655 arbem
914 1599 962 1654 est
974 1591 1138 1662 inductum

155 1685 187 1740 et
199 1678 268 1740 aliis
283 1693 341 1738 sua
355 1676 511 1738 voluntate
525 1675 732 1738 adfluentibus
754 1685 837 1738 metu
857 1677 955 1738 eoacti
976 1675 1067 1738 etiam
1085 1674 1138 1752 qui
1234 1755 1235 1758 Ἴ

156 1761 378 1824 dissentiebant
396 1760 438 1821 ad
457 1777 561 1837 regem
582 1769 800 1823 convenerunt.
829 1777 908 1836 qnos
930 1759 1054 1835 placida
1069 1777 1138 1822 ora·

156 1845 238 1908 tione
257 1844 382 1907 territos
404 1860 473 1906 oum
494 1845 721 1922 permulsisset,
750 1845 789 1904 ad
809 1860 898 1920 spem
913 1845 1055 1919 vulgatae
1077 1845 1139 1904 cle·
1235 1851 1236 1860 ’

156 1930 288 1992 mantiae
302 1929 419 2006 aliquot
438 1930 546 2006 populi
560 1928 753 1991 Acarnaniae
773 1929 960 1990 deiecerunt.
989 1925 1139 2007 Thyrium

155 2015 325 2076 aMedione
338 2015 494 2090 proiectus
507 2013 750 2076 estMnasilocho
763 2013 873 2074 eodem
884 2019 916 2074 et
925 2011 1035 2088 legatis
1046 2027 1138 2088 prae-

156 2099 270 2160 missis.
302 2105 435 2160 ceteram
460 2098 580 2158 detecta
601 2097 745 2158 Medione
769 2098 852 2158 fraus
878 2097 1047 2172 cautiores,
1075 2113 1138 2156 non

155 2183 323 2246 timidiores
332 2181 519 2259 Thyrienses
534 2179 619 2243 feeit=
642 2182 712 2243 dato
730 2182 810 2242 enim
824 2181 908 2242 haud
923 2183 1073 2258 perplexo
1089 2196 1138 2240 re-

156 2281 274 2342 sponso
290 2264 403 2324 nullam
419 2279 454 2324 se
469 2281 581 2326 novam
602 2265 794 2340 societatem,
815 2264 875 2326 nisi
894 2281 934 2326 err
954 2265 1140 2327 auctoritate

154 2347 372 2426 imperatorum
391 2349 614 2422 Romanorum,
637 2358 818 2426 accepturos
839 2350 1000 2427 portisque
1020 2350 1138 2410 clausis

154 2439 289 2496 armatos
303 2431 335 2494 in
350 2433 444 2495 muris
460 2431 688 2510 disposuerant.
717 2442 747 2495 et
761 2441 992 2511 peropportune
1006 2433 1048 2495 ad
1063 2449 1138 2494 con-

154 2519 323 2580 firmandos
335 2517 531 2580 Acarnanum
542 2519 662 2580 animos
672 2517 724 2578 Cn.
734 2516 1004 2594 Ocharius-missus
1018 2517 1137 2592 aQuin

155 2604 231 2678 ctio,
258 2619 327 2665 cum
348 2602 536 2679 praesidium
557 2608 587 2664 et
605 2618 721 2678 paucas
743 2618 839 2663 naves
859 2602 899 2664 ab
913 2603 951 2663 A.
966 2600 1138 2675 Postumio,

157 2689 209 2765 qui
224 2687 262 2748 ab
277 2687 369 2748 Atilio
385 2690 485 2763 legato
501 2686 715 2762 cephalleniae
729 2687 925 2764 praepositus
947 2688 1060 2762 iuerat,
1083 2702 1138 2747 ac-

156 2773 305 2847 cepisset,
327 2771 503 2831 Leucadem
522 2769 620 2841 venit,
645 2769 843 2847 implevitque
867 2771 936 2846 spei
957 2771 1063 2832 socios
1083 2770 1138 2830 Μ’.

154 2856 287 2916 Acilium
302 2855 460 2915 consulem
474 2855 534 2915 iam
549 2870 616 2914 cum
632 2855 804 2929 legionibus
819 2871 903 2916 mare
916 2853 1092 2930 traiecisse,
1108 2864 1139 2915 et

153 2940 185 2998 in
199 2936 358 2999 Thessalia
373 2939 622 3000 castraRomana
636 2954 717 3000 esse.
739 2940 821 3001 hune
837 2953 991 3002 minorem
1007 2937 1080 3015 quia
1095 2939 1138 3000 si·

154 3024 255 3082 mitem
279 3023 345 3082 veri
371 3030 492 3099 tempus
517 3022 602 3084 anni·
615 3031 764 3086 maturum
785 3024 846 3086 iam
867 3025 907 3086 ad
927 3022 1139 3099 navigandum

154 3105 301 3181 iaciebat,
316 3123 372 3167 rex
388 3108 543 3184 praesidio
554 3109 697 3170 Medione
709 3110 853 3185 imposito
865 3117 895 3170 et
905 3109 935 3168 in
949 3107 1137 3184 quibusdam

154 3191 222 3253 aliis
235 3193 428 3254 Acarnaniae
443 3195 566 3268 oppidis
577 3193 690 3272 Thyrio
705 3195 871 3267 abscessit,
887 3201 917 3253 et
928 3207 984 3268 per
993 3190 1137 3254 Aetoliae

152 3290 190 3336 ac
205 3276 349 3338 Phocidis
364 3276 448 3338 urbis
465 3277 639 3338 Chalcidem
652 3279 741 3340 redii

238 3360 316 3420 Xlll.
338 3360 402 3422 Sub
417 3362 498 3422 idem
513 3369 633 3436 tempus
647 3361 688 3420 ll.
706 3363 836 3424 Baebius
852 3370 882 3423 et
895 3361 1054 3438 Philippus
1070 3375 1136 3435 rex,

153 3441 213 3502 iam
229 3451 298 3503 ante
319 3461 375 3519 per
391 3445 521 3504 hiemem
541 3444 572 3504 in
587 3447 772 3508 Dassaretiis
794 3445 969 3524 congressi,
991 3461 1061 3506 cum
1074 3445 1134 3519 Ap.
