2506 3898
234 245 298 311 866
371 245 487 306 LIBER
496 243 656 305 llxxvul.
679 241 762 304 cdl).
774 253 818 305 50.
831 251 876 306 sl.
889 243 924 321 [a.
936 247 972 300 U.
983 264 1008 300 o.
1021 247 1084 314 565]

235 398 305 458 bem
327 394 425 458 iniret.
456 393 506 456 hic
520 395 621 470 pudor
634 394 849 469 malignitatem
864 394 949 470 vicit,
968 393 1213 468 triumphumque

236 481 413 556 coquentes
429 478 639 539 decrevemnt

321 562 481 638 Oppressit
500 561 611 622 deindo
631 562 814 624 mentionem
834 561 1077 636 memoriamque
1097 576 1213 620 omnen

237 647 438 710 contentionis
458 645 550 705 huius
569 644 669 705 maius
689 652 721 705 et
741 661 810 707 eum
829 645 945 706 maiore
959 652 991 706 et
1005 643 1141 704 clariore
1156 645 1213 702 viro

236 737 388 792 cerumar
404 735 512 791 ortum.
533 727 566 787 P.
582 727 720 803 Scipioni
736 727 892 803 Africano,
907 735 940 788 ut
949 727 1097 788 Valerius
1108 727 1214 786 Andes

235 819 412 888 auctorest
428 812 490 874 duo
504 811 539 886 Q.
551 811 657 872 Petillii
672 812 751 873 mem
771 813 920 872 dixerunt.
949 813 989 885 id,
1006 820 1101 886 prout
1115 812 1214 870 cuius-

236 912 297 974 que
320 895 475 974 ingenium
495 902 574 969 erat,
600 895 883 972 interpretabantur.
919 896 969 954 alii
990 911 1052 956 non
1077 894 1215 954 tribunos

233 979 351 1056 plebis,
372 981 429 1042 sed
441 979 617 1040 universam
634 978 798 1054 civitatem,
814 977 894 1055 quie
908 979 937 1038 id
954 979 1017 1054 pati
1030 986 1160 1054 posset,
1176 979 1213 1036 in·

235 1063 400 1126 emmanu
422 1063 501 1125 duas
522 1061 669 1123 maximas
691 1061 775 1123 orbis
794 1069 942 1124 terrarum
961 1063 1057 1123 urbes
1080 1060 1214 1137 ingratas

236 1163 299 1210 uno
313 1163 412 1223 prope
427 1155 565 1222 tompore
579 1146 609 1206 in
623 1146 779 1222 principes
793 1147 948 1220 inventus,
968 1147 1101 1206 Romam
1115 1147 1214 1218 ingre

235 1231 359 1306 liorem,
381 1231 408 1291 si
429 1231 551 1306 quidem
572 1229 652 1290 vieta
666 1229 813 1306 Carthago
832 1229 944 1290 vietum
964 1229 1172 1292 Hannibalem
1188 1229 1214 1286 in

236 1315 377 1376 exsilium
392 1314 570 1389 expulisset,
584 1314 683 1374 Roma
695 1314 804 1375 viatrix
814 1311 959 1374 victorem
970 1313 1155 1372 Aineanurn
1167 1327 1214 1370 ex·

237 1400 338 1474 pellat
364 1398 413 1458 elii
429 1397 580 1457 neminem
594 1413 688 1457 unum
702 1403 816 1458 tantum
830 1398 963 1456 eminere
977 1395 1077 1456 civem
1092 1397 1213 1466 debere

235 1489 270 1544 ut
288 1479 408 1557 legibus
428 1481 608 1554 interrogari
629 1496 689 1540 non
710 1481 824 1556 possin
860 1479 932 1540 nilril
954 1486 1015 1539 tarn
1034 1480 1213 1556 aequandae

235 1563 382 1626 libertatis
396 1577 469 1624 esse
480 1577 572 1638 quam
583 1563 828 1637 potentissimum
840 1577 992 1638 quemque
1003 1579 1102 1638 posse
1112 1563 1213 1624 dicere

237 1662 371 1708 oausam.
400 1645 474 1722 quid
488 1651 589 1707 autern
605 1652 670 1707 tuto
685 1648 842 1722 cuiquam,
858 1647 970 1707 nedum
985 1662 1138 1706 summam
1154 1661 1213 1704 rem

235 1729 398 1806 publicam,
412 1729 552 1805 permitti,
570 1731 597 1790 si
611 1730 688 1791 ratio
702 1747 764 1791 nou
780 1731 819 1791 sit
831 1730 1012 1791 reddendae
1033 1731 1087 1805 qui
1101 1731 1154 1790 ius
1169 1745 1210 1786 ae

238 1827 330 1890 quum
352 1814 415 1889 pati
433 1829 495 1874 non
516 1813 631 1889 possit,
651 1814 682 1873 in
704 1829 773 1874 eum
792 1813 853 1874 vim
872 1814 955 1874 haud
975 1814 1120 1875 iniustam
1135 1828 1211 1872 esse.

237 1895 314 1959 baec
339 1895 453 1973 agitata
477 1895 684 1969 sermonibus,
711 1898 810 1958 donec
834 1897 902 1982 dies
927 1913 1039 1958 causae
1065 1897 1211 1958 dicendae

237 1981 328 2042 venit.
358 1996 415 2041 nec
429 1981 507 2042 alius
521 1989 611 2042 antea
625 1981 788 2056 quisquam
803 1997 860 2042 nec
873 1981 924 2040 ille
937 1982 1005 2056 ipse
1021 1981 1128 2056 Scipio
1146 1997 1209 2041 eon-

237 2067 286 2125 sul
306 2079 456 2126 censorve
475 2064 592 2124 maiore
611 2065 710 2124 omnis
729 2065 850 2139 generis
865 2063 1019 2124 bominum
1034 2065 1211 2140 frequentia

88 2203 127 2218 ..-
238 2161 329 2221 quam
349 2163 422 2207 reus
442 2147 494 2208 illo
509 2147 559 2206 die
573 2148 602 2204 in
618 2148 718 2206 iorum
733 2154 781 2208 est
795 2148 954 2208 deductus.
989 2147 1096 2209 iussus
1111 2149 1209 2208 dicere

237 2231 362 2288 causam
380 2229 447 2288 sine
462 2229 523 2288 ulla
537 2229 693 2290 criminum
707 2230 861 2293 mentione
876 2229 1043 2292 orationem
1058 2233 1140 2292 adeo
1156 2247 1210 2290 ma·

236 2309 377 2388 gmdcam
396 2311 435 2371 de
448 2311 543 2372 rebus
555 2311 594 2372 eb
609 2327 644 2372 se
664 2313 759 2388 gestis
774 2322 822 2375 est
836 2331 982 2389 exorsus,
1002 2323 1038 2376 ut
1049 2316 1127 2376 satis
1145 2331 1211 2375 con-

236 2400 330 2456 staret
350 2394 500 2455 neminem
518 2411 662 2471 umquam
679 2412 779 2472 neque
794 2398 901 2459 melius
915 2414 1017 2474 neque
1032 2400 1138 2458 verius
1155 2401 1211 2458 lau·
1236 2421 1237 2452 n

237 2479 339 2540 datum
353 2493 434 2540 esse.
457 2478 636 2540 dicebantur
646 2480 774 2540 enim‘ab
786 2482 894 2541 eodem
906 2483 1005 2543 animo
1019 2483 1211 2556 ingenioque,

237 2578 332 2638 aquo
352 2570 441 2640 gesta
460 2570 560 2637 erant,
583 2561 743 2624 staurium
759 2563 913 2626 fastidium
926 2566 1047 2640 eberat,
1071 2568 1145 2640 quia
1161 2582 1210 2640 pro

236 2644 385 2722 periculo,
401 2663 462 2708 non
476 2647 507 2706 in
521 2647 648 2722 gloriam
663 2647 880 2707 referebantur.
911 2647 958 2707 Ll.
987 2647 1099 2709 lribuui
1111 2649 1210 2728 plebis

236 2737 341 2790 vetera
364 2730 502 2794 luxuriae
528 2731 653 2791 crimina
674 2730 941 2810 Syracusanorum
962 2732 1162 2792 hibernorum
1186 2739 1210 2789 et

235 2810 342 2872 Locris
355 2812 571 2873 Pleminianum
592 2815 749 2873 tumultum
764 2829 832 2874 cum
847 2814 887 2874 ad
901 2815 993 2874 iidem
1007 2816 1209 2890 praesentium

236 2893 393 2953 criminum
416 2895 617 2966 rettulissent,
644 2895 871 2969 suspicionibus
891 2899 990 2974 magis
1012 2915 1105 2974 quam
1125 2914 1208 2974 ergu-

235 2975 341 3036 mentis
363 2975 513 3051 pecuniae
532 2982 640 3050 captae
656 2991 743 3040 reum
756 2989 948 3042 accerserunt.
981 2982 1077 3043 filiurn
1092 2989 1207 3057 captum

236 3060 302 3120 sine
315 3058 413 3135 pretio
427 3057 592 3132 redditum,
615 3061 817 3140 omnibusque
832 3063 899 3125 aliis
913 3065 1007 3126 rebus
1022 3064 1204 3140 Scipionem,
1234 3085 1235 3110 1

235 3151 387 3218 tamquam
409 3142 440 3202 in
454 3141 520 3202 eius
534 3142 626 3204 unius
640 3161 732 3208 manu
747 3161 808 3221 pax
822 3149 961 3211 Romana
974 3149 1151 3223 bellumque
1165 3165 1205 3208 es·
1234 3115 1235 3197 i

234 3233 297 3299 set,
317 3228 357 3288 ab
376 3223 528 3288 Antiocho
549 3227 670 3288 cultum.
704 3230 880 3292 dictatmem
904 3247 972 3292 eum
994 3233 1130 3306 consuli,
1151 3249 1205 3292 non

234 3311 366 3384 legatum
387 3311 417 3370 in
438 3308 597 3386 provincia
611 3312 725 3380 luisses
748 3329 805 3373 nec
819 3315 859 3375 ad
873 3316 963 3376 aliam
975 3331 1042 3376 rem
1056 3331 1095 3376 eo
1111 3317 1205 3391 prole

233 3397 324 3464 ctum,
340 3409 431 3468 quam
443 3401 487 3464 nt,
502 3393 534 3452 id
549 3395 632 3467 quod
647 3395 813 3471 Hispaniae
828 3397 943 3459 Galliae
955 3397 1078 3459 Siciliae
1088 3400 1203 3460 Africae

232 3469 291 3528 ianr
311 3474 429 3544 pridem
451 3489 635 3547 persuasum
657 3487 754 3552 esset,
775 3479 834 3540 boc
849 3481 995 3541 Graeciae
1010 3481 1165 3557 Asiaeque
1179 3485 1202 3539 et
