2482 3902
236 178 351 240 LIBER
365 178 499 240 XXXIII.
522 177 605 240 cAP.
620 187 664 241 22.
676 187 721 242 23.
733 187 777 242 24.
801 187 838 255 [a.
854 186 886 238 C.
902 187 964 254 197]
1031 181 1094 248 103

105 345 280 410 paucorum
293 327 483 392 aculeorum
498 331 593 392 falsas
608 338 639 392 et
657 329 689 392 ln
710 339 831 408 tempus
847 331 1006 396 simulatas
1024 335 1093 398 sine

106 418 171 478 ullo
187 417 319 492 pIgnore
334 413 508 477 deditiones
524 415 620 476 lactas
636 431 717 476 esse.
753 416 831 478 haec
851 415 932 478 inter
946 420 1095 482 consules

104 501 314 576 tribunosque
343 497 559 560 altercationes
588 498 715 560 biduum
745 508 927 574 tenuerunt,
957 500 1094 578 victique

104 581 341 660 perseverantia
353 583 545 644 tribunorum
560 585 706 646 consules
721 583 889 660 separatim
901 586 1094 649 rettulemnc

103 670 212 731 XXIII.
229 669 260 729 c.
274 667 414 730 cornelio
431 667 566 728 omnium
580 683 737 730 consensu
751 669 895 731 decretus
910 668 1093 748 triumphus.

103 762 137 814 et
159 751 326 814 Placentini
347 750 636 827 Cremonensesque
655 752 841 816 addiderunt
860 754 998 816 levorem
1019 771 1093 816 con-

105 837 184 910 suli,
206 835 321 912 gratias
336 843 464 911 egentes
485 844 824 914 commemorantesque
840 835 1004 900 obsidione
1019 855 1093 902 sese

104 919 146 982 ab
161 937 199 982 eo
214 919 370 993 liberatos,
386 919 527 996 plerique
542 919 647 992 etiam,
668 937 738 982 cum
752 922 837 998 apud
851 921 959 984 hostes
975 932 1092 998 essent,

104 1004 255 1068 servitute
276 1014 448 1078 exemptos.
489 1004 523 1079 Q.
536 1003 690 1066 Minucius
711 1013 858 1082 temptata
879 1013 995 1068 tantum
1013 1008 1092 1068 rela-

104 1090 200 1162 tione,
217 1105 288 1150 cum
303 1089 469 1153 adversum
484 1104 607 1150 omnem
622 1096 762 1151 senatum
783 1087 916 1164 videret,
936 1088 968 1150 in
989 1099 1093 1152 monte

105 1174 228 1234 Albano
251 1189 286 1234 se
307 1171 561 1248 triumphaturum
582 1181 613 1234 et
632 1171 698 1234 iure
720 1171 841 1250 imperii
865 1173 1039 1236 consularis
1061 1181 1093 1234 et

104 1259 270 1320 mullorum
285 1257 438 1318 clarorum
450 1255 588 1318 virorum
602 1258 745 1334 exemplo
761 1255 848 1318 dixit.
884 1256 914 1317 C.
932 1256 1092 1320 corbellus

105 1344 146 1404 de
167 1340 348 1404 Insubribus
371 1339 617 1416 Cenomanisque
634 1341 664 1402 in
685 1340 865 1418 nragistratu
885 1339 1092 1418 triumphavit.

105 1427 201 1486 multa
216 1424 306 1502 signa
325 1421 467 1486 militaria
481 1424 562 1499 tulit,
585 1427 679 1486 multa
699 1423 815 1486 Gallica
836 1423 939 1502 spolia
959 1423 1091 1501 captivis

105 1509 261 1586 carpentIs
273 1509 457 1581 transvexit;
469 1508 554 1572 multi
565 1509 686 1572 nobiles
694 1509 771 1571 Galli
784 1517 855 1572 ante
863 1525 986 1573 currum
998 1508 1092 1583 ducti,

103 1594 185 1655 inter
206 1610 287 1670 quos
309 1592 435 1670 quidam
454 1593 658 1656 Hamilcarem
679 1595 790 1657 ducem
803 1594 977 1655 Poenorum
992 1592 1091 1655 luisse

104 1687 249 1740 auctores
266 1685 347 1740 sunt.
370 1685 506 1740 ceterum
523 1678 621 1754 magis
636 1677 667 1740 in
683 1696 719 1740 se
734 1677 886 1740 convertit
899 1679 1008 1740 oculos
1020 1677 1091 1738 Cre-

104 1761 300 1826 monensium
311 1759 621 1839 Placentinorumque
642 1764 823 1824 colonorum
837 1762 936 1840 cuba,
949 1762 1090 1840 pilleato-

103 1865 170 1910 rum
198 1863 321 1908 currum
335 1845 540 1924 sequentium.
576 1847 657 1908 aeris
668 1845 735 1908 tulit
748 1846 779 1908 in
792 1846 945 1922 triumpho
959 1847 1091 1907 ducenta

102 1931 226 2009 triginta
241 1938 360 2008 septem
374 1931 457 1994 milia
471 1939 502 1994 et
516 1929 710 2008 quingentos,
727 1929 845 2007 argenti
856 1930 950 2006 bigati
965 1939 1090 2007 septua-

99 2017 188 2094 ginta
201 2032 314 2077 uovem
328 2014 420 2076 milia.
457 2014 640 2092 septuageni
654 2013 735 2076 aeris
750 2013 896 2076 militibus
911 2013 1018 2087 divisi,
1035 2013 1090 2076 du-

100 2102 178 2178 plex
193 2099 289 2176 equiti
305 2099 549 2176 centurionique.
574 2100 607 2175 Q.
622 2097 777 2163 Minucius
793 2099 903 2160 consul
919 2099 958 2160 de
971 2096 1091 2174 Liguri-

98 2188 162 2246 bus
187 2183 337 2261 Boiisque
364 2182 458 2246 Gallis
484 2183 515 2246 in
537 2192 641 2246 monte
662 2184 784 2246 Albano
811 2181 1019 2259 triumphavit.
1062 2181 1090 2242 is

99 2268 276 2344 triumphus
290 2275 324 2332 ut
337 2269 408 2330 loco
424 2276 454 2330 et
468 2268 549 2330 lama
561 2285 664 2330 rerum
680 2276 846 2344 gesturum,
862 2276 893 2330 et
907 2268 992 2344 quod
1007 2282 1090 2328 sum-

100 2363 190 2433 ptum
204 2367 267 2414 non
283 2360 441 2430 erogatum
456 2369 496 2414 ex
509 2352 628 2414 aerario
650 2369 759 2414 omnes
780 2351 933 2424 sciebant,
959 2351 1089 2412 inbono·

99 2437 198 2502 ratior
213 2435 279 2514 luit,
293 2436 335 2500 ita
351 2435 449 2513 signis
465 2437 684 2513 carpentisque
699 2444 729 2496 et
744 2434 853 2512 spolils
867 2435 963 2496 lerme
974 2449 1091 2510 aequa·

101 2523 164 2585 bat.
199 2521 353 2598 pecuniae
367 2521 458 2582 etiam
473 2537 529 2597 par
543 2537 642 2596 prope
657 2535 777 2580 summa
792 2517 863 2580 luit:
885 2517 966 2578 aeris
982 2519 1092 2578 tralata

98 2609 238 2669 ducente
252 2605 476 2682 quInquaginta
491 2613 635 2681 quattuor
649 2601 746 2674 milia,
761 2599 879 2678 argenti
890 2600 985 2676 bigati
1001 2599 1090 2677 quin-

100 2690 252 2768 quaginta
272 2688 330 2752 tria
350 2689 433 2750 milia
453 2698 484 2750 et
505 2686 638 2750 ducenti.
680 2683 826 2747 militibus
843 2683 1090 2747 centurionibus·

98 2793 165 2854 que
187 2783 219 2838 et
238 2773 394 2851 equitibus
415 2772 497 2836 idem
517 2774 549 2834 in
571 2771 711 2847 singulos
732 2771 837 2832 datum
857 2769 943 2846 quod
962 2770 1091 2832 dederat

100 2861 293 3006 eoneXXIV.
317 2940 495 3004 Secundum
509 2941 695 3017 triumphum
707 2939 884 3002 consularia
899 2938 1022 3001 comida
1036 2939 1090 3000 ba-

99 3027 175 3089 bita.
216 3025 312 3089 creati
333 3027 480 3088 consules
494 3025 528 3086 L.
542 3025 652 3087 Furius
673 3023 823 3100 Purpurio
842 3031 874 3086 et
885 3023 927 3084 Μ.
944 3022 1089 3086 Claudius
1191 3049 1195 3056 ·

98 3112 277 3174 Marcellus.
312 3117 475 3186 praetores
495 3118 621 3186 postero
644 3109 695 3170 die
717 3107 789 3170 lacti
809 3108 843 3183 Q.
861 3107 975 3169 Fabius
990 3109 1089 3170 Buteo

98 3197 144 3258 Ti.
163 3193 367 3272 Sempronius
381 3195 507 3269 Longus
523 3193 557 3269 Q.
571 3193 726 3258 Minucius
739 3193 890 3255 Thermus
903 3191 955 3252 Μ’.
969 3188 1089 3252 Acilius

99 3274 226 3344 Glabrio
241 3281 275 3342 L.
290 3277 443 3356 Apustius
458 3278 545 3340 Fullo
562 3278 593 3339 C.
608 3277 742 3340 Laelius.

184 3364 278 3428 Exitu
293 3364 389 3426 lerme
405 3362 478 3423 anni
491 3363 610 3424 litterae
623 3380 642 3424 a
655 3362 688 3422 T.
704 3359 844 3436 Quinctio
867 3367 1030 3430 venerunt,
1053 3371 1090 3417 se

97 3447 200 3526 signis
221 3447 343 3510 collatis
364 3464 434 3510 curn
454 3463 527 3523 rege
542 3445 681 3524 Philippo
702 3445 733 3508 in
747 3440 907 3505 Tbessalia
920 3456 1088 3519 pugnasse,
