2480 3904
167 189 230 252 220
273 187 389 250 LIBER
402 188 522 250 XXXV.
546 188 629 250 CAP-
640 197 684 250 bt.
697 195 734 262 [ι.
748 193 780 246 U.
794 211 818 246 c.
830 195 891 250 560.
903 193 969 246 ιθ.
984 191 1044 260 192]

166 347 360 416 vagarentur,
371 355 484 416 magna
494 355 568 414 pars
581 355 637 414 per
647 355 740 414 agros
752 339 898 414 lignatum
908 338 1151 414 pabulatumque

167 425 289 500 dilapsa
303 435 403 491 esset.
425 430 553 498 repente
566 422 731 498 Menippus
754 424 875 498 palatos
889 422 1007 498 passim
1021 421 1149 496 adgres-

168 525 222 569 sus
243 523 298 568 eos
321 507 446 580 cecidit,
467 507 508 566 ad
529 506 749 580 quinquaginta
768 506 859 567 vivos
881 505 971 580 cepit
1001 501 1150 580 perpauci

167 591 353 666 effugeruntq
370 588 525 664 inquibus
536 587 684 666 Micythio
698 604 794 664 parva
808 590 948 649 oneraria
962 604 1042 648 navo
1056 603 1148 648 exce·

166 684 247 751 ptus.
274 690 312 734 ea
331 688 382 733 res
404 671 542 745 Quinctio
558 671 768 748 Romanisque
789 673 868 732 sicut
886 671 1001 732 iactura
1020 671 1150 732 militum

166 759 312 831 molesta,
334 757 376 816 ita
390 755 492 817 adius
507 755 658 814 inserendi
672 754 825 817 Antiocho
840 755 911 815 belli
925 754 1079 816 adiecisse
1093 754 1149 815 ali-

167 849 311 917 quantum
327 840 496 900 videbatur.
523 837 694 900 Antiochus
709 840 832 900 admoto
847 838 887 898 ad
900 839 1044 898 Aulidem
1059 853 1148 898 exer·

166 926 241 998 citu,
257 939 326 984 eum
340 939 449 983 rursus
464 929 602 983 oratores
618 922 726 998 partim
748 937 788 982 ex
808 923 873 982 suis
894 923 1001 998 partim
1014 921 1149 982 Aetolos

166 1007 341 1068 Chalcidem
356 1006 505 1081 misisset,
520 1006 573 1082 qui
586 1006 695 1066 eadem
710 1007 761 1065 illa
773 1021 853 1081 quac
864 1021 963 1080 nuper
974 1021 1044 1065 cum
1055 1005 1149 1065 minis

165 1091 358 1168 gravioribus
374 1097 515 1165 agerent,
530 1091 718 1166 nequiquam
730 1097 838 1151 contm
846 1088 1034 1168 Micythione
1047 1096 1078 1150 et
1086 1089 1148 1149 Xe

166 1175 287 1235 noclidc
304 1175 498 1236 tendentibus
514 1174 603 1234 facile
616 1174 725 1245 tenuit,
746 1180 781 1233 ut
794 1180 901 1250 portae
915 1173 973 1233 sibi
988 1173 1147 1249 aperiren-

166 1273 223 1319 tur.
247 1258 299 1334 qui
313 1259 471 1319 Romanae
487 1257 582 1333 partis
597 1264 698 1329 erant,
721 1257 778 1317 sub
794 1258 957 1318 adventurn
971 1257 1054 1332 regis
1069 1256 1148 1317 urbe

166 1349 375 1402 excesserunt.
415 1340 609 1402 Achaeorum
634 1347 664 1400 et
686 1339 831 1401 Eumenis
856 1340 966 1402 milites
992 1339 1147 1416 Salganea

165 1426 323 1498 tenebant,
349 1432 379 1486 et
397 1425 427 1483 in
446 1423 560 1498 Euripo
587 1425 745 1484 castellum
766 1425 894 1485 Romani
918 1425 1028 1484 milites
1055 1424 1147 1499 pauci

166 1508 326 1569 custodiae
340 1523 435 1568 causa
448 1506 507 1566 loci
522 1507 776 1568 communiebant.
805 1507 957 1583 Salganea
969 1507 1146 1584 Menippus,

165 1607 221 1650 rex
235 1594 303 1666 ipse
318 1591 475 1650 castellum
489 1589 594 1664 Euripi
609 1606 791 1666 oppugnare
807 1599 855 1652 est
868 1592 1004 1652 adortus.
1023 1593 1145 1668 priores

166 1673 282 1736 Achaei
303 1680 333 1733 et
351 1673 497 1733 Eumenis
517 1673 627 1734 milites
648 1675 745 1750 pacti,
770 1682 805 1736 ut
824 1675 891 1736 sine
912 1675 1018 1735 fraude
1040 1676 1147 1735 liceret

165 1755 264 1830 abire,
291 1757 445 1832 praesidio
467 1765 683 1818 excesserunta
705 1758 892 1834 pertinacius
906 1759 1035 1820 Romani
1056 1758 1145 1820 Euri-
1237 1805 1238 1838 ζ

166 1855 239 1915 pum
253 1841 425 1903 tuebantur.
447 1841 478 1901 hi
494 1858 619 1918 quoque
632 1850 748 1917 tamen,
764 1859 834 1904 eum
847 1849 928 1902 terra
938 1843 1079 1918 marique
1090 1842 1146 1903 ob-

165 1924 338 1986 siderentur
352 1933 383 1986 et
395 1927 455 1987 iam
470 1925 626 1986 machinas
641 1933 851 2003 tormentoque
863 1927 1048 2002 comportari
1060 1926 1146 1986 vidc-

165 2015 248 2084 rent‚
274 2024 335 2070 non
360 2012 457 2072 tulere
483 2009 684 2070 obsidionem.
719 2025 787 2071 cum
807 2010 841 2070 id
861 2011 946 2086 quod
967 2019 1060 2086 caput
1080 2017 1147 2070 erat

164 2092 310 2153 Euboeae
323 2101 440 2154 teneret
452 2109 523 2166 rex,
546 2107 585 2152 ne
606 2100 725 2153 ceterae
741 2093 865 2169 quidem
878 2094 945 2154 eius
960 2093 1081 2154 insulae
1094 2095 1151 2153 tar-¹

164 2175 221 2234 bes
235 2176 397 2250 imperium
412 2177 599 2246 abnuerunt3
618 2191 793 2252 magnoque
810 2177 961 2252 principio
977 2177 1036 2238 sibi
1051 2192 1147 2238 orsus

164 2257 276 2318 bellum
301 2259 476 2334 videbatur,
503 2258 588 2333 quod
613 2265 697 2319 tanta
717 2261 817 2321 insula
836 2269 866 2322 et
885 2267 931 2323 tot
950 2267 1149 2337 opportunae

165 2340 258 2401 urbes
273 2341 303 2402 in
318 2357 405 2403 suam
420 2343 571 2403 dicionem
584 2342 752 2403 venissent.

484 2673 628 2766 tttt
667 2671 843 2766 htvt,

437 2820 492 2880 ΑΒ
519 2819 636 2882 URBE
666 2819 869 2884 CONDITA

518 2936 630 3000 LIBER
652 2933 782 2998 xxxvl.

182 3165 328 3218 ΕΡΠῸΜΕ.
365 3167 407 3218 Μ’.
426 3171 523 3222 Acilius
542 3171 644 3226 Glabrio
660 3177 747 3226 consul
764 3176 917 3226 Antiochum
936 3179 1004 3244 apud
1021 3179 1149 3231 Thermo-

214 3235 301 3302 pylas,
318 3236 435 3304 Philippo
453 3255 514 3306 rege
531 3242 682 3309 adiurante,
701 3248 795 3296 rictum
812 3243 917 3295 Graecia
935 3247 1045 3313 expulit,
1064 3249 1147 3300 idern·

212 3320 262 3368 que
278 3305 384 3356 Aetolos
399 3309 510 3374 subegit.
538 3311 566 3360 P.
587 3311 717 3364 Cornelius
733 3311 820 3378 Scipio
835 3312 928 3364 Nasica
946 3315 1034 3366 constal
1053 3319 1146 3368 aedem

212 3374 299 3423 matris
324 3374 413 3436 deum,
440 3392 516 3440 quam
542 3380 598 3444 ipse
619 3381 645 3430 in
667 3382 792 3432 Palatium
819 3381 937 3433 intulerat
964 3385 1004 3433 vir
1031 3400 1148 3450 omanus

211 3454 226 3488 a
251 3451 338 3491 senatu
366 3445 506 3506 iudicatus,
534 3447 677 3509 dedicavit;
704 3451 822 3514 idemque
847 3451 925 3502 Boios
949 3450 1036 3503 Gallos
1061 3456 1147 3505 victos
