2506 3898
171 203 233 270 ³50
297 203 411 264 1111111
426 163 588 262 xxxvto.
611 200 805 262 clamas.
828 199 1024 278 [1111111]

172 357 338 436 provinciis
360 363 391 415 et
404 353 588 416 exercitibus
604 361 743 414 senatum
757 354 984 415 consuluerunt.
1004 353 1044 412 de
1058 353 1156 414 Aeto

173 441 212 502 tia
227 449 257 503 et
270 440 345 501 Asia
358 437 431 498 1111111
445 443 588 498 mutatum
603 442 661 497 est
687 435 865 498 consulibus
880 435 967 498 atteri
980 435 1069 496 Pisae
1085 451 1160 496 cum

172 523 349 600 Liguribus,
370 519 457 581 alteri
472 520 567 582 Gallia
581 520 739 596 provincia
753 520 876 581 decreta
890 525 946 580 est.
975 534 1163 594 comparare

172 607 249 670 'nter
263 623 298 668 se
308 611 360 666 aut
370 602 471 665 sortiri
481 601 569 677 iussi,
584 609 615 663 et
624 620 723 664 novos
735 602 898 678 exercitus,
914 603 1003 663 binas
1014 603 1160 676 legiones

173 690 322 764 scribere,
342 695 373 750 et
392 695 426 748 ut
437 688 530 748 sociis
544 685 642 746 Latini
656 685 788 748 nominis
803 686 895 761 quina
909 685 991 745 dena
1004 684 1088 746 milia
1102 701 1157 760 pe-

172 775 268 835 ditum
280 775 463 848 imperarent
476 777 507 831 et
520 769 601 830 milla
615 777 645 831 et
665 771 815 832 ducentos
832 769 961 845 equites.
989 767 1159 830 Messallae

163 855 314 931 ¹Ligures,
337 852 499 916 Salinatori
522 851 629 928 obtigit
649 853 754 913 Gallia.
783 860 942 928 praetores
967 851 1040 912 inde
1059 852 1158 912 sortiti

173 945 258 1002 sunt=
280 937 319 998 tt.
335 935 461 998 claudio
475 936 601 1010 urbana,
623 936 655 995 P.
670 935 795 996 claudio
811 934 973 1012 peregrina
983 933 1160 996 iurisdictio

172 1022 282 1096 euenit,
297 1020 330 1094 Q.
345 1019 462 1082 biarcio
476 1019 593 1081 Sicilia:
614 1018 645 1080 0.
658 1015 818 1080 Stertinius
830 1017 1008 1092 Sardiniam,
1023 1019 1058 1077 L.
1069 1017 1157 1078 Man·

173 1105 230 1166 lius
244 1102 423 1179 Hispaniam
438 1101 617 1176 citeriorem,
632 1101 664 1162 c.
679 1102 798 1164 Atinius
813 1100 987 1164 ulteriorem
1002 1109 1051 1163 est
1064 1102 1155 1162 sorti-

174 1196 231 1250 tus.
254 1187 386 1248 xxxvl.
407 1187 447 1247 de
461 1185 645 1248 exercitibus
660 1185 703 1246 ita
716 1187 837 1262 placuit,
849 1201 890 1247 ex
905 1183 1002 1246 Gellia
1015 1185 1158 1260 legiones

174 1287 254 1348 quae
268 1271 325 1332 sub
339 1271 370 1332 C.
386 1271 488 1331 Laelio
504 1270 636 1342 meant,
658 1269 697 1329 ad
711 1269 750 1328 Μ.
764 1269 907 1330 luceium
922 1274 1157 1345 propraetorem

173 1353 204 1415 in
224 1354 358 1416 Bmttios
374 1354 506 1424 traducis
528 1360 559 1413 et
578 1353 675 1428 quiin
691 1350 794 1414 Sicilia
808 1359 900 1427 esset,
915 1351 1023 1414 dimitti
1038 1352 1156 1412 exerci-

173 1445 251 1507 tum3
279 1445 310 1498 et
329 1438 474 1509 classem,
501 1451 580 1511 quac
600 1435 642 1497 ibi
662 1441 761 1509 esset,
786 1437 914 1498 Romam
934 1435 1097 1496 reduceret
1114 1435 1155 1494 M.

174 1519 372 1596 Sempronius
385 1525 573 1594 propraetor.
595 1517 751 1594 Hispaniis
762 1518 900 1595 singrdae
910 1519 1060 1596 legiones,
1075 1534 1160 1595 quae

78 1615 81 1624 ’
173 1611 236 1664 tum
250 1603 279 1662 in
293 1603 340 1663 his
357 1601 522 1678 provinciis
537 1608 632 1676 erant,
648 1603 798 1677 decretae,
813 1609 843 1662 et
856 1610 890 1664 ut
903 1609 989 1663 terna
1001 1602 1086 1663 milia
1101 1618 1153 1678 pe-

173 1686 276 1759 ditum,
298 1685 435 1748 ducenos
450 1684 568 1762 equites
584 1685 674 1746 ambo
689 1693 847 1761 praetores
861 1687 890 1746 in
907 1687 1152 1762 supplementum

173 1766 266 1832 sociis
281 1768 463 1846 imperarent
476 1783 645 1845 secumque
659 1776 908 1847 transportarent
930 1769 1110 1846 priusquam
1121 1769 1152 1828 in

174 1851 348 1928 provincias
364 1854 435 1915 novi
449 1853 642 1928 magistratus
662 1853 943 1930 proficiscerentur,
967 1853 1152 1929 supplicatio

173 1937 304 1997 triduum
325 1953 381 2014 pro
403 1938 531 2014 collegio
546 1938 788 1999 decemviromm
806 1937 954 2014 imperata
973 1935 1072 1998 1111111
1088 1952 1151 1997 om·

148 2057 150 2064 ·
174 2021 263 2082 nibus
284 2023 439 2098 compitis,
466 2021 550 2098 quod
570 2024 638 2084 luce
656 2021 736 2082 inter
756 2022 863 2082 horam
882 2021 999 2081 tertiam
1014 2023 1109 2082 ienne
1122 2026 1152 2080 et

174 2111 311 2180 quartam
342 2106 485 2165 tenebrae
516 2105 642 2166 obortae
666 2107 792 2166 lucrant.
831 2113 861 2166 et
885 2103 1078 2166 novemdiale
1102 2119 1150 2166 sa·

173 2186 319 2246 orificium
339 2188 484 2248 indictum
506 2197 566 2262 est,
590 2188 673 2264 quod
692 2189 722 2248 in
738 2189 889 2250 Aventino
910 2187 1064 2266 lapidibus
1086 2189 1149 2264 ptu-

173 2269 278 2328 visset.

257 2351 414 2429 Campani,
436 2369 502 2415 eum
518 2371 574 2418 eos
589 2372 629 2417 ex
643 2364 769 2418 senatus
784 2357 933 2428 consulto,
950 2356 1034 2431 quod
1049 2356 1150 2431 priora

173 2445 253 2498 enno
270 2436 380 2498 iactum
395 2445 473 2514 erat,
495 2455 641 2502 censores
655 2441 770 2504 Romae
791 2439 910 2501 censeri
925 2439 1150 2514 coegissent-
1236 2429 1237 2440 ’

173 2537 243 2582 nam
258 2527 348 2582 antea
361 2521 509 2584 incertum
524 2525 621 2586 tuerat
641 2523 694 2586 ubi
708 2530 920 2597 censerentur,
933 2555 977 2568 -
990 2524 1150 2598 petierunt,

173 2611 206 2664 ut
225 2603 284 2664 sibi
305 2604 388 2666 cives
409 2605 563 2668 Romanas
585 2607 698 2668 ducere
717 2622 830 2668 uxores
856 2607 974 2680 liceret,
999 2607 1075 2668 etsi
1098 2606 1148 2682 qui

174 2685 259 2759 prius
274 2685 450 2762 duxissent,
459 2727 463 2734 -
473 2697 507 2751 ut
519 2689 633 2750 habere
647 2705 711 2764 eas,
725 2697 756 2750 et
769 2689 832 2750 nati
844 2697 914 2751 ante
928 2704 997 2750 eam
1012 2689 1093 2750 diem
1107 2689 1148 2749 uti

172 2769 243 2828 lusti
259 2768 316 2828 sibi
332 2769 418 2829 liberi
431 2771 625 2846 heredesque
639 2780 752 2834 essent.
774 2781 904 2848 utraque
915 2789 967 2833 res
981 2772 1147 2848 impetrata.

172 2849 211 2908 de
226 2849 394 2912 Formianis
408 2851 626 2928 Fundanisque
641 2856 845 2932 municipibus
862 2865 893 2918 et
906 2855 1106 2932 Arpinatibus
1118 2857 1147 2916 S
1235 2837 1236 2862 ³

172 2931 312 2994 Valerius
324 2935 429 3009 Tappo
445 2936 696 3012 tribunusplebis
711 2940 921 3016 promulgavit,
941 2947 974 3000 ut
988 2937 1025 3000 iis
1041 2939 1147 3000 suffra·

172 3017 213 3091 gii
227 3015 298 3077 latio
308 3049 352 3060 —
366 3032 435 3076 nam
450 3025 540 3079 antea
561 3019 628 3082 sine
647 3021 794 3100 suffragio
816 3025 984 3085 habuerant
999 3023 1148 3085 civitatem

172 3133 215 3146 -
229 3108 322 3162 esset.
344 3099 415 3163 huie
429 3103 578 3178 rogationi
594 3113 737 3182 quattuor
752 3107 862 3172 tribuni
878 3108 986 3184 plebis,
1002 3107 1147 3182 quianon

172 3200 211 3244 ex
226 3187 402 3249 auctoritate
417 3193 542 3249 senatus
557 3190 694 3266 terretur,
715 3207 783 3252 cum
797 3191 1027 3264 intercederent,
1049 3191 1148 3252 edocti

173 3269 278 3344 populi
291 3286 377 3344 esso,
398 3287 459 3332 non
480 3279 604 3333 senatus
622 3273 669 3334 ius
684 3273 860 3348 suffragium
882 3275 994 3350 quibus
1008 3274 1083 3336 velit
1096 3273 1146 3334 inr-

174 3353 300 3430 pertire,
328 3355 506 3419 destiterunt
526 3355 658 3432 incepto.
692 3358 810 3432 rogatio
834 3358 950 3433 perlata
974 3363 1035 3432 est,
1060 3357 1145 3417 utin

173 3431 301 3494 Aemilia
316 3439 395 3498 tribu
408 3440 559 3501 Formiani
576 3449 606 3500 et
618 3439 766 3515 Fundani,
786 3442 815 3501 in
832 3441 970 3503 Cornelia
984 3439 1145 3518 Arpinates
