2482 3902
175 187 237 284 ιιι
327 184 441 248 LlBER
455 184 588 246 xxxiv.
612 183 749 245 capos.
763 192 807 246 ιι.
831 189 867 258 [a.
881 190 916 242 ιι.
929 207 953 252 c.
966 189 1030 258 atr]

175 346 304 408 eliorum
327 340 497 403 sententiae
518 346 647 414 coeptae
666 345 747 399 sunt.
777 351 846 400 cunr
859 339 979 414 legatus
993 337 1158 399 Athenien-

175 427 269 502 sium,
296 432 442 502 quantum
467 428 586 498 poterat
609 421 715 498 gratiis
741 421 870 497 agendis
897 421 1106 484 Romanorum
1131 423 1159 482 in

176 511 334 574 Graeciam
349 509 456 568 merite
472 507 641 580 extulisset,
657 505 837 582 imploratos
849 506 995 568 auxilium
1007 507 1160 567 adversus

173 596 345 670 Philippum
357 593 465 653 tulisse
475 606 576 667 opem,
591 607 652 652 non
664 597 790 666 rogatos
802 591 881 652 ultro
893 589 1045 652 adversus
1056 597 1161 669 tyran-

173 697 248 742 num
267 676 373 740 Nabim
396 676 508 737 offerre
528 673 689 748 auxilium,
717 674 957 752 indignatusque
977 682 1064 736 esset
1083 674 1164 735 haec

174 771 258 826 tante
277 762 384 823 merita
404 759 598 822 sermonibus
618 762 720 820 tamen
742 760 914 835 aliquorum
936 761 1037 836 carpi,
1061 759 1162 820 lutura

175 845 436 919 calumniantium,
459 859 528 905 cum
549 843 635 904 lateri
657 844 758 919 potius
780 844 1013 919 praeteritomm
1033 845 1161 920 gratiam

175 933 337 1006 deberent,
366 929 536 1005 apparebat
560 928 674 989 incessi
699 928 837 989 Aetolos.
873 927 964 1003 igitur
982 928 1162 988 Alexander

174 1015 321 1093 princeps
336 1015 436 1091 gentis
452 1014 591 1073 invectus
604 1012 733 1087 primum
748 1013 778 1072 in
790 1011 997 1087 Atheniensis,
1013 1012 1162 1072 libertatis

176 1099 333 1177 quondam
348 1099 444 1160 duces
460 1104 654 1170 nauaturos,
671 1097 892 1159 adsentationis
907 1095 1054 1172 propriae
1065 1095 1163 1171 gratia

176 1197 368 1246 communem
380 1198 504 1244 causam
513 1181 690 1256 prodentia
704 1189 832 1256 questus
841 1179 953 1241 deinde
961 1179 1161 1241 estAchaeos

174 1267 305 1346 Philippi
338 1267 493 1343 quondam
513 1266 638 1340 milites,
661 1265 700 1326 ad
722 1271 911 1340 postremum
932 1264 1079 1325 inclinata
1097 1264 1162 1324 eius

175 1353 298 1414 fortuna
311 1351 497 1425 transfugae,
519 1356 550 1409 et
565 1349 739 1410 Corinthum
755 1349 914 1425 recepisse
929 1357 958 1408 ct
973 1348 1003 1408 id
1020 1363 1117 1422 agere
1130 1356 1164 1408 ut

175 1437 279 1512 Argos
298 1435 445 1495 habeant=
467 1435 595 1496 Aetolos
615 1433 732 1508 primos
754 1434 853 1495 hostis
868 1433 1015 1509 Philippi,
1037 1447 1163 1507 semper

176 1521 280 1582 socios
295 1519 518 1592 Romanorum,
540 1523 648 1593 pactos
664 1517 694 1577 in
710 1518 836 1578 loedere
852 1533 926 1578 suas
941 1517 1036 1578 urbes
1052 1531 1163 1591 agros-

178 1620 239 1680 que
260 1605 326 1664 lore
348 1602 469 1663 devicto
483 1599 640 1678 Philippo,
663 1601 798 1662 fraudari
812 1601 930 1662 Echino
953 1609 982 1662 et
994 1599 1163 1663 Pharsalo:

175 1685 362 1748 insimulavit
382 1686 498 1747 iraudis
513 1685 685 1758 Romanos,
709 1686 793 1762 quod
816 1702 895 1747 trano
911 1685 997 1746 titulo
1012 1685 1163 1748 libertatis

177 1775 328 1834 ostentato
346 1769 517 1830 Chalcidem
539 1776 569 1830 ct
583 1770 807 1831 Demetriadem
828 1769 993 1845 praesidiis
1014 1775 1163 1845 tenerent,

180 1855 231 1932 qui
245 1853 396 1930 Philippo,
420 1855 572 1925 cunctanti
587 1854 742 1937 deducere
757 1854 829 1915 inde
845 1853 1015 1929 praesidia,
1038 1853 1165 1914 obicere

177 1955 300 2014 semper
316 1939 397 2000 soliti
412 1939 473 1998 sint
487 1954 661 2014 numquam,
678 1939 778 1998 donec
793 1939 961 2000 Demetrias
978 1937 1164 2013 Chalcisque

177 2031 207 2086 et
218 2022 379 2084 Corinthus
394 2028 577 2096 tenerentur,
593 2021 719 2082 liberam
732 2021 891 2083 Graeciam
903 2023 979 2084 iore.
1002 2029 1163 2097 postremo

178 2109 251 2182 quia
265 2105 408 2166 manendi
426 2105 456 2164 in
474 2104 602 2166 Graecia
615 2105 828 2182 retinendique
843 2107 997 2168 exercitus
1012 2107 1119 2181 Argos
1136 2113 1165 2166 et

171 2189 285 2250 Nabim
307 2203 433 2249 causam
447 2189 596 2265 iacerent,
618 2189 816 2265 deportarent
829 2191 967 2266 legiones
983 2191 1013 2250 in
1029 2190 1163 2266 ltaliam:

177 2275 305 2335 Aetolos
341 2273 479 2349 polliceri
513 2279 566 2335 aut
593 2272 826 2336 condicionibus
862 2281 892 2335 et
919 2277 1078 2336 voluntate
1106 2291 1165 2336 sua

176 2357 284 2419 Nabim
309 2356 499 2434 praesidium
518 2357 610 2434 Argis
632 2359 850 2431 deducturum,
876 2366 929 2420 aut
948 2360 979 2420 vi
1000 2365 1095 2434 atque
1118 2374 1164 2419 ar-

177 2444 234 2503 mis
261 2449 424 2504 coacturos
444 2441 475 2502 in
498 2448 650 2518 potestate
671 2443 889 2505 consentientis
912 2443 1060 2505 Graeciae
1082 2459 1164 2504 esse.

177 2527 282 2589 XXIV.
297 2527 376 2590 haec
385 2527 613 2604 vaniloquentia
634 2529 763 2604 primum
777 2528 973 2589 Aristaenum
988 2533 1165 2604 praetorem

177 2612 371 2674 Achaeorum
386 2611 538 2674 excitavit.
560 2628 620 2688 „ne
634 2613 733 2674 istuc“
748 2613 846 2688 inquit
859 2611 1017 2688 „Iuppiter
1029 2612 1165 2688 optimus

177 2698 329 2758 maximus
344 2695 424 2769 sirit,
446 2697 586 2773 Iunoque
600 2697 715 2773 regina,
738 2698 824 2758 cuius
839 2697 870 2756 in
884 2699 979 2758 tutela
992 2697 1069 2772 Argi
1084 2704 1165 2771 sunt,

177 2785 210 2840 ιιι
224 2779 277 2840 illa
296 2780 403 2840 civitas
418 2780 496 2842 inter
509 2789 674 2859 tyrannum
687 2781 967 2844 Lacedaemonium
983 2789 1013 2842 et
1027 2783 1166 2842 latrones

176 2863 306 2926 Aetolos
321 2864 491 2940 praemium
507 2865 547 2924 sit
561 2865 664 2938 posita
677 2866 709 2928 in
722 2879 760 2928 eo
771 2865 955 2941 discrimine,
972 2873 1006 2926 ut
1019 2865 1165 2940 miserius

177 2963 197 3008 a
216 2947 305 3010 vobis
329 2948 494 3024 recipiatur
518 2964 610 3024 quem
632 2949 743 3011 abillo
765 2957 855 3026 capta
874 2956 930 3012 est.
967 2965 1051 3010 mare
1072 2950 1166 3010 inter-

177 3033 289 3094 iectum
309 3033 347 3094 ab
368 3032 435 3094 istis
457 3033 666 3109 praedonibus
678 3051 749 3096 non
769 3041 869 3097 tuetur
888 3051 964 3110 nos,
984 3033 1017 3093 Τ.
1034 3033 1166 3107 Quincti.

178 3118 267 3194 quid,
288 3119 359 3180 siin
383 3117 485 3180 medic
498 3117 713 3196 Peloponneso
729 3135 830 3180 arcem
846 3120 903 3180 sibi
919 3117 1062 3194 iecerint,
1085 3119 1167 3180 iutu-

177 3219 245 3265 rum
259 3204 348 3266 nobis
364 3209 433 3264 esti
453 3201 588 3279 linguam
601 3209 717 3264 tantum
733 3205 919 3265 Graecorum
933 3203 1063 3278 habent,
1085 3205 1170 3264 sicut

178 3289 314 3364 speciem
325 3288 496 3352 hominum:
511 3287 648 3350 moribus
659 3289 831 3366 ritibusque
839 3287 1064 3351 efferatioribus
1073 3303 1169 3364 quam

178 3373 231 3431 ulli
244 3373 376 3449 barbari,
392 3374 483 3434 immo
500 3388 590 3448 qnam
606 3373 754 3434 immanes
770 3373 893 3448 beluac,
916 3373 1031 3434 vivunt.
1060 3372 1169 3448 ltaque

179 3471 235 3514 vos
250 3473 404 3533 rogamus,
420 3457 558 3534 Romani,
581 3463 611 3519 et
624 3457 663 3518 ab
677 3457 794 3519 Nabide
809 3459 912 3532 Argos
926 3456 1119 3536 reciperetis
1134 3461 1170 3517 et
