2480 3904
259 237 524 299 nrsuaxxxvr.
548 237 629 298 ear.
645 243 670 300 r.
694 243 773 312 [ac.
790 245 851 312 191]
959 237 1046 327 [aar

60 393 165 469 quicto
186 397 281 452 totam
300 391 414 452 molem
434 389 607 452 sustinebat
626 387 713 450 belli:
741 406 824 452 nunc
844 391 906 454 duo
921 391 1046 454 maximi

60 491 151 552 reges
162 475 260 536 Asiae
268 473 475 551 Europaeque
486 474 604 536 viribus
616 473 769 536 adversus
781 491 876 536 unum
886 478 1045 551 populum,

59 569 207 622 ulmeam
219 567 383 634 utramque
396 559 549 620 fortunam
563 565 696 630 taceam,
712 567 833 634 patrum
848 567 931 620 certe
946 569 1046 622 aetate

57 660 99 710 ne
119 642 174 704 uni
195 643 319 718 quidem
338 639 534 718 Epirotarum
553 640 620 717 regi
646 659 752 717 parem
769 677 798 688 *
824 643 1045 718 quid-landem

57 728 116 789 erit
138 726 299 788 vobiscum
321 733 539 802 comparatus?
552 759 591 772 -
605 726 718 802 geretis
732 727 855 788 bellum.
889 744 970 803 quae
991 729 1045 803 igi·

56 820 108 872 tur
128 826 180 872 res
201 809 275 870 mihi
293 809 439 871 fiduciam
459 811 588 886 praebet
602 809 747 886 coniungi
767 809 858 872 nobis
872 809 1045 888 Philippum

56 901 180 971 posset
198 911 261 956 una
275 892 446 956 communis
460 894 588 967 utilitas,
612 910 692 969 quae
706 894 865 958 societatis
879 895 1045 957 maximum

55 979 216 1040 vinculum
230 985 293 1050 est;
317 979 413 1039 altera
427 985 571 1040 auctores
588 995 645 1040 vos
656 979 767 1040 Aetoli.
789 985 894 1042 vester
907 980 987 1042 enim
1003 983 1042 1041 le-

56 1073 150 1140 gatus
164 1063 215 1124 hie
230 1063 332 1124 Thoas
346 1061 425 1124 inter
440 1071 543 1125 cetera
557 1077 637 1136 quae
652 1063 693 1122 ad
708 1061 892 1124 exciendum
904 1061 936 1124 in
952 1063 1044 1124 Grae-

58 1145 338 1209 ciam-Antiochum
349 1147 453 1208 dicere
465 1154 514 1209 est
524 1145 643 1220 solitus,
655 1152 726 1208 onte
738 1145 840 1207 omnia
851 1147 911 1209 hoc
922 1163 1046 1224 semper

56 1231 247 1304 adfirmavit,
269 1231 400 1292 fremere
418 1230 592 1306 Philippum
613 1237 644 1290 et
664 1246 757 1306 aegre
777 1231 841 1306 pati
861 1231 919 1291 sub
939 1233 1045 1306 specie

58 1316 149 1392 pacis
169 1315 256 1390 leges
279 1314 433 1377 servitutis
455 1313 515 1375 sihi
535 1312 706 1390 impositas.
737 1315 789 1376 ille
816 1313 941 1390 quidem
961 1316 1045 1378 ferae

55 1401 179 1462 bestiae
195 1399 315 1460 vinctae
330 1405 382 1462 aul
396 1400 522 1460 clausae
538 1406 568 1461 et
580 1396 750 1475 refringere
765 1400 898 1460 claustra
910 1399 1043 1475 cupienti

56 1485 142 1560 regis
156 1483 234 1545 ham
247 1483 351 1544 verbis
368 1483 531 1559 aequabat.
554 1482 642 1544 cuius
655 1483 682 1545 si
693 1483 762 1544 talis
774 1482 895 1546 animus
910 1490 966 1556 est,
983 1485 1039 1544 sol-

57 1583 169 1628 vamus
184 1583 243 1628 nos
258 1567 326 1630 eius
341 1567 464 1628 vincula
475 1575 506 1628 et
516 1569 651 1630 claustra
660 1567 880 1644 rohingamus,
897 1575 932 1629 ut
945 1583 1044 1630 enum·

59 1668 135 1726 pero
146 1649 201 1712 diu
213 1649 378 1713 coercitam
389 1649 625 1714 iraminhostes
637 1667 816 1714 communes
827 1653 937 1729 possit.
960 1653 1045 1728 quod

58 1737 85 1801 si
99 1736 177 1797 nihh
191 1752 261 1796 eum
274 1734 387 1810 legatio
403 1742 509 1798 rosim
525 1737 668 1811 moverit,
689 1745 721 1798 at
734 1754 807 1812 nos,
830 1735 975 1812 quoniam
989 1753 1043 1798 no·

58 1819 105 1882 bis
128 1835 200 1882 eum
220 1819 389 1896 adiungere
409 1837 471 1881 non
493 1835 676 1896 possumus,
703 1837 742 1881 ne
768 1821 910 1882 hostibus
930 1822 1044 1882 uostris

56 1904 108 1964 ille
123 1903 250 1980 adiungi
271 1904 373 1981 possit
393 1919 569 1965 caveamus.
603 1903 752 1966 Seleucus
773 1902 855 1966 filius
870 1911 941 1966 tuus
954 1901 1043 1981 Lysi·

57 1987 199 2050 namma
220 1995 282 2058 esl;
306 1989 359 2065 qui
380 1987 409 2050 si
422 2004 460 2050 eo
476 1989 614 2050 exercitu
630 2005 722 2064 quem
736 2003 842 2050 secum
857 1987 963 2062 habet,
988 2004 1045 2064 per

58 2071 220 2133 Thraciam
231 2073 373 2148 proxima
380 2071 584 2134 Macedoniae
595 2071 734 2148 eoeperit
745 2071 937 2148 depopulari,
953 2073 1043 2134 laoile

57 2157 95 2217 ab
110 2155 229 2218 auxilio
244 2157 372 2218 terendo
383 2156 532 2218 Romanis
544 2156 717 2233 Philippum
728 2157 769 2218 ad
781 2173 839 2218 sua
849 2155 1044 2232 potissimum

57 2241 177 2302 tuenda
189 2247 315 2302 avertet.
348 2241 387 2300 de
399 2239 541 2316 Philippo
556 2256 654 2302 meam
668 2240 850 2304 sententiam
864 2241 971 2304 habes.
1004 2242 1044 2302 de

56 2324 180 2387 ratione
199 2323 337 2386 rmiversi
359 2323 432 2386 belli
453 2325 529 2400 quid
549 2326 709 2400 sentirem,
734 2324 795 2386 iarn
814 2325 854 2386 ab
874 2324 959 2388 initio
980 2342 1042 2386 non

56 2408 219 2485 ignorasti.
253 2409 339 2484 quod
359 2407 387 2470 si
407 2415 471 2471 tum
495 2407 619 2470 auditus
640 2411 752 2483 forem,
779 2424 841 2468 non
866 2408 897 2468 in
916 2409 1044 2470 Euboea

57 2491 238 2554 Chalcidem
258 2499 379 2568 captam
401 2499 431 2552 et
451 2491 611 2554 castellum
623 2491 731 2567 Euripi
752 2500 962 2568 expugnatum
982 2493 1043 2552 Ro-

56 2576 151 2652 mani,
163 2578 222 2638 sed
232 2577 383 2638 Etruriam
393 2576 601 2652 Ligurumque
613 2575 765 2637 etGalliec
774 2574 946 2650 Cisalpinae
958 2591 1042 2635 oram

56 2662 140 2723 bello
156 2661 284 2736 ardere,
303 2667 334 2722 ct
353 2660 406 2736 qui
426 2658 579 2724 maximus
593 2659 631 2721 iis
647 2666 821 2734 terrorest,
843 2659 1043 2720 Hannibalem

57 2743 198 2806 initalia
223 2760 295 2806 esse
320 2743 469 2806 audirent
502 2761 583 2806 nune
609 2760 735 2821 quoque
759 2759 903 2805 arcessas
929 2759 1042 2806 censeo

58 2828 161 2890 omnis
182 2829 302 2890 navalis
322 2829 540 2905 terrestrisque
560 2828 684 2906 copias:
716 2835 886 2904 sequantur
911 2829 1045 2892 classem

59 2911 221 2975 unmanae
235 2929 306 2975 cum
319 2912 552 2976 commeatibus.
580 2931 651 2976 narn
671 2913 722 2975 hie
743 2912 823 2975 siout
836 2913 878 2974 ad
890 2913 963 2976 belli
976 2931 1042 2976 mu·

58 3014 134 3060 nera
154 2997 247 3074 pauci
267 3014 391 3073 sumus,
416 2999 462 3060 sic
485 2997 575 3060 nimis
596 2999 681 3060 multi
701 3013 758 3074 pro
772 2998 877 3075 inopia
891 3014 1042 3061 commea-

57 3092 153 3144 tuum.
177 3098 248 3144 eum
260 3082 359 3145 omnis
370 3091 440 3145 tuas
453 3085 643 3146 contraxeris
657 3082 749 3156 vires,
766 3083 895 3146 divisam
911 3085 1043 3146 classem

58 3176 180 3243 penem
194 3167 350 3246 Corcyrae
364 3165 395 3228 in
410 3167 543 3230 statione
557 3168 701 3242 habebis,
717 3183 757 3228 ne
773 3169 917 3230 transitus
931 3168 1043 3228 Roma-

58 3252 107 3313 nis
121 3252 201 3314 liber
221 3267 259 3313 ac
278 3259 362 3313 tutus
383 3259 502 3328 pateat,
523 3259 642 3328 partem
661 3253 701 3314 od
721 3252 792 3314 litus
813 3253 932 3326 ltaliae,
958 3250 1043 3326 quod

59 3335 234 3410 Sardiniam
247 3336 447 3413 Africamque
462 3345 595 3413 spectat,
616 3335 753 3408 traicies3
777 3336 846 3411 ipse
862 3353 932 3398 eum
947 3335 1042 3396 omni-

57 3421 117 3483 bus
130 3421 329 3484 terrestribus
343 3419 443 3498 copiis
457 3419 488 3482 in
499 3421 652 3483 Bullinum
664 3437 771 3496 agrum
783 3421 951 3496 procedam
972 3417 1042 3478 inde

58 3505 208 3568 Graeciae
222 3504 433 3582 praesidebis,
450 3511 481 3567 et
494 3507 629 3584 speciem
640 3505 789 3567 Romanis
803 3505 997 3566 traiecturum
1012 3509 1043 3562 le

780 3589 838 3653 15*
