2480 3904
177 213 243 278 240
292 215 408 277 LIBER
421 213 554 276 XXXVI.
577 213 660 275 CAP-
676 219 719 274 19.
730 220 773 274 Bt).
786 220 829 274 El·
854 217 890 284 [a.
902 215 936 269 tt.
949 233 973 274 c.
985 217 1048 286 tot]

180 367 347 441 cecidisse,
369 383 464 443 supra
480 368 615 442 quinque
630 367 712 426 milia
726 372 816 441 capta
831 381 899 426 cum
915 365 1011 440 signis
1027 366 1164 426 militari·

180 453 239 514 bus
261 451 400 512 ducentis
416 448 556 526 triginta?
582 451 788 510 Romanorum
803 456 924 509 centum
941 449 1175 524 quinquaginta*

180 538 210 596 in
227 537 296 610 ipso
311 533 476 595 certamine
491 549 623 610 pugnae,
638 533 677 592 ab
692 532 816 593 incursu
833 534 1009 594 Aetolorum
1025 548 1061 593 se
1075 541 1163 594 tuen-

180 628 227 679 tes
242 635 303 678 non
319 620 388 694 plus
405 618 624 693 quinquaginta
638 617 786 677 interlecti
802 623 882 677 sunt.

264 701 327 762 XX.
356 701 489 762 Consule
510 717 565 776 per
584 700 749 760 Phocidem
770 708 800 762 et
813 700 972 761 Boeotiam
994 697 1162 761 exercitum

181 787 312 846 ducente
340 785 485 845 consciae
512 784 694 846 delectionis
720 784 859 846 civitates
885 800 954 844 cum
981 785 1162 845 velamentis

180 877 250 930 ante
265 876 370 944 portas
385 867 505 930 stabant
518 875 610 943 metu,
625 884 664 928 ne
678 867 828 928 hostiliter
843 868 1058 943 diriperentur.
1082 875 1162 928 cete·

178 969 246 1013 rum
267 967 323 1026 per
343 967 451 1012 omnes
472 952 539 1013 dies
560 951 641 1011 haud
662 967 754 1012 secus
770 969 862 1027 quam
876 957 986 1026 pacato
1002 965 1080 1026 agro
1096 953 1162 1012 sine

177 1036 343 1097 venatione
356 1035 448 1096 ullius
463 1036 507 1096 rei
521 1051 629 1111 agmen
643 1037 804 1111 processit,
820 1036 920 1096 donec
934 1034 964 1092 in
982 1049 1089 1110 agrum
1106 1036 1161 1096 Co-

178 1135 306 1181 roneum
327 1127 452 1180 ventum
475 1126 530 1180 est.
566 1119 607 1179 ibi
630 1125 730 1180 statua
750 1120 832 1194 regis
846 1118 990 1179 Antiochi
1013 1119 1117 1194 posita
1132 1119 1160 1178 in

178 1205 292 1280 templo
309 1202 466 1263 Minervae
487 1204 603 1264 ltoniac
624 1203 699 1262 iram
722 1201 877 1272 accendit;
910 1201 1160 1278 permissumque

178 1287 263 1349 militi
275 1295 330 1361 est,
343 1293 375 1347 ut
387 1286 608 1347 circumiectum
621 1287 732 1362 templo
745 1301 850 1362 agrum
864 1287 1074 1361 popularetur.
1091 1285 1159 1347 dein

178 1370 321 1448 cogitatio
336 1370 468 1430 animum
484 1371 574 1444 subit,
589 1386 657 1430 curn
674 1369 824 1430 communi
837 1370 961 1430 decreto
973 1369 1159 1431 Boeotorum

177 1456 279 1531 posita
297 1461 381 1514 esset
401 1459 514 1527 statua,
538 1453 693 1528 indignum
710 1468 781 1514 esse
796 1452 826 1512 in
842 1469 935 1514 unum
951 1453 1159 1514 Coronensem

178 1555 282 1613 agrum
299 1537 429 1597 saevire.
465 1544 609 1596 revocato
625 1539 778 1612 externplo
794 1535 887 1597 milite
901 1535 974 1598 linis
989 1537 1159 1614 populandi

176 1622 294 1689 lactus3
318 1620 456 1694 castigati
472 1626 585 1680 tantum
601 1620 703 1680 verbis
714 1621 823 1682 Boeoti
835 1621 874 1681 ob
889 1620 1041 1696 ingratum
1052 1622 1084 1680 in
1094 1628 1159 1681 tan-

176 1704 215 1764 tis
232 1712 355 1778 tamque
369 1702 543 1762 recentibus
558 1704 716 1763 beneficiis
732 1703 865 1764 animum
881 1719 953 1780 erga
968 1705 1139 1765 Romanos.

259 1787 341 1846 lnter
355 1787 455 1861 ipsum
471 1802 593 1862 pugnae
606 1793 728 1862 tempus
744 1788 851 1848 decem
863 1803 959 1848 naves
973 1789 1079 1864 regiae
1090 1804 1158 1848 curn

176 1872 332 1946 praelecto
353 1869 472 1932 Isidoro
494 1872 534 1930 ad
548 1870 712 1931 Thronium
734 1871 764 1930 in
787 1871 857 1932 sinu
870 1871 1002 1932 Maliaco
1026 1871 1157 1932 stabant.

175 1969 213 2014 eo
229 1955 332 2030 gravis
346 1955 524 2014 uulneribus
539 1954 716 2014 Alexander
730 1958 888 2028 Acarnan,
908 1955 1034 2016 nuntius
1049 1956 1151 2016 adver·

176 2053 231 2097 sae
242 2053 372 2113 pugnae,
389 2054 458 2098 curn
470 2037 663 2113 perfugisset,
680 2038 819 2114 trepidae
830 2038 903 2099 inde
914 2037 1031 2098 recenti
1044 2045 1155 2099 terroru

175 2137 270 2180 naves
287 2122 437 2181 Cenaeum
450 2121 596 2181 Euboeae
610 2121 771 2196 petierunt.
792 2122 833 2182 ibi
849 2129 986 2183 mortuus
1002 2123 1151 2197 sepultus·

163 2219 236 2278 que
248 2204 431 2262 Alexander.
451 2211 524 2279 tres,
541 2204 620 2280 quae
635 2221 674 2264 ex
685 2205 762 2266 Asia
773 2207 931 2282 proiectae
942 2205 1075 2266 eundern
1086 2221 1154 2280 por-

175 2293 237 2344 tum
252 2292 423 2364 tenuerunt,
438 2303 534 2348 naves
550 2288 652 2349 audita
667 2289 819 2350 exercitus
836 2291 923 2350 clade
936 2289 1095 2365 Ephesum
1110 2306 1155 2348 re-

176 2370 305 2429 dierunt.
340 2370 480 2431 Isidorus
502 2372 540 2431 ab
565 2371 684 2432 Cenaeo
700 2373 938 2448 Demetriadem,
966 2373 993 2433 si
1017 2373 1097 2433 sorte
1120 2389 1156 2432 eo

175 2453 305 2514 deterret
320 2453 391 2529 luga
405 2469 523 2530 regem,
539 2456 665 2516 traiecit.
692 2472 749 2532 per
764 2457 891 2518 eosdem
907 2457 975 2517 dies
992 2457 1029 2516 A.
1046 2457 1157 2516 Atilius

173 2538 348 2611 praelectus
366 2537 523 2600 Romanae
546 2540 656 2601 classis
679 2555 808 2615 magnos
828 2541 932 2615 regios
955 2547 1156 2616 commeatus,

172 2619 232 2680 iam
249 2622 372 2694 laetum,
389 2624 473 2696 quod
488 2623 528 2683 ad
542 2624 680 2684 Andrum
695 2623 825 2684 insulam
841 2633 897 2701 est,
913 2631 1155 2700 praetervectos,

173 2705 310 2778 excepit;
332 2706 408 2765 alias
429 2705 546 2781 mersit,
568 2709 644 2768 alias
660 2707 741 2784 cepit
756 2724 861 2769 naves.
896 2724 978 2784 quae
992 2707 1155 2769 novissimi

172 2787 301 2859 agminis
316 2795 410 2862 erant,
426 2806 550 2849 cursum
565 2791 594 2849 in
610 2790 716 2850 Asiam
731 2798 894 2854 verterunt.
928 2793 1040 2852 Atilius
1056 2792 1155 2853 Pirae·

172 2883 250 2941 eum,
266 2871 348 2930 unde
361 2872 601 2947 profectusum,
618 2890 687 2935 curn
700 2876 818 2950 agmine
831 2876 1019 2951 captivarum
1032 2876 1155 2938 navium

171 2958 314 3012 revectus
336 2969 475 3028 magnam
497 2953 557 3015 vim
577 2957 718 3018 frumenti
740 2965 770 3018 et
784 2959 1026 3019 Atheniensibus
1043 2967 1075 3020 et
1088 2961 1154 3020 aliis

172 3033 310 3094 eiusdem
325 3037 460 3110 regionis
479 3039 573 3101 sociis
589 3041 700 3102 divisit.

254 3117 331 3178 XXI.
364 3122 534 3183 Antiochus
557 3125 614 3184 sub
636 3125 799 3186 adventum
824 3127 961 3188 consulis
975 3143 994 3186 a
1010 3117 1152 3189 Chalcida

171 3203 328 3276 protectus
343 3205 457 3266 Tenum
474 3205 571 3281 primo
586 3208 695 3280 tenuit,
717 3209 788 3268 inde
802 3209 957 3285 Ephesum
973 3212 1153 3272 transmisit.

171 3286 292 3364 consuli
307 3288 480 3350 Chalcidem
495 3292 628 3352 venienti
644 3298 751 3368 portae
765 3299 937 3370 patuerunt,
953 3310 1022 3356 cum
1040 3312 1153 3371 appro-

171 3365 339 3444 pinquante
351 3388 387 3433 eo
395 3372 577 3434 Aristoteles
590 3377 762 3449 praelectus
773 3376 855 3452 regis
863 3376 939 3438 urbe
951 3379 1152 3441 excessisset.

170 3455 200 3504 et
215 3459 334 3513 ceterae
355 3456 447 3516 urbes
465 3457 494 3515 in
509 3457 635 3518 Euboea
650 3459 716 3519 sine
731 3460 895 3520 certamine
908 3462 1053 3532 traditae;
1079 3471 1153 3538 post
