2480 3904
248 213 363 272 nisus
377 213 511 272 mxxvi.
534 213 617 272 cnr.
631 221 730 274 mla
754 220 790 286 [a.
804 218 835 270 c.
849 220 910 286 191]
1009 208 1069 280 aii

75 382 196 440 causa,
219 365 318 441 pergit
337 364 475 439 protinus
497 364 642 438 navigare
661 363 919 439 Peloponnesum.
955 363 1066 428 Samen

74 449 353 528 Zacynthumque,
381 448 453 524 quia
479 448 573 521 partis
595 447 774 507 Aetolorum
795 449 964 508 maluerant
983 465 1065 526 esse,

78 531 224 608 protinus
247 531 453 606 depopulatus
467 531 596 590 Maleam
611 531 702 604 petit;
726 538 754 590 et
775 545 928 606 prospera
941 535 1066 608 naviga-

75 618 166 677 tione
187 631 264 676 usus
285 615 395 690 paucis
416 614 525 674 diebus
539 613 698 672 Piraeeum
718 613 759 674 ad
778 621 913 676 veterem
934 616 1066 678 classem

77 700 232 774 pervenit.
254 699 295 759 ad
310 697 487 777 Scyllaeum
496 697 651 756 Eumenes
665 711 722 756 rex
737 713 806 758 oum
819 697 918 760 tribus
934 700 1064 762 navibus

73 783 225 856 occurrit,
243 798 312 842 cum
327 781 463 856 Aeginae
479 781 531 840 diu
545 780 678 841 incertus
695 780 814 842 consilii
829 780 946 856 luisset,
964 790 1064 844 utrum

71 867 118 926 ad
136 867 282 926 tuendum
302 865 413 924 rediret
435 864 770 938 regnum—audiebat
785 865 865 924 enim
880 866 1063 928 Antiochum

74 949 199 1024 Ephesi
220 948 345 1008 navales
366 954 591 1022 terrestresque
613 961 722 1021 parare
741 948 912 1023 copias-,
935 963 975 1009 an
989 967 1061 1010 nus-

76 1049 174 1107 quam
200 1031 383 1093 abscederet
406 1030 445 1090 ab
464 1031 627 1102 Romanis,
653 1045 693 1090 ex
714 1047 843 1106 quorum
864 1033 985 1093 fortuna
1005 1050 1063 1094 sua

73 1117 239 1192 penderet.
273 1113 430 1174 alPiraeeo
445 1117 482 1173 Α.
497 1114 624 1187 Atilius,
644 1113 762 1174 traditis
783 1116 959 1176 successori
974 1117 1061 1191 quin-

76 1216 141 1274 que
157 1206 189 1258 ct
203 1199 307 1274 viginti
318 1197 447 1258 navibus
459 1198 556 1272 tectis,
572 1198 699 1258 Romam
711 1204 760 1258 est
770 1197 935 1274 proiectus.
957 1197 1061 1260 Livius

74 1299 141 1342 una
156 1289 188 1342 et
200 1282 355 1356 octoginta
370 1282 532 1342 constratis
548 1279 692 1353 navibuS,
717 1281 819 1341 multis
834 1287 994 1356 praeterea
1008 1285 1061 1341 mi·

73 1366 222 1440 nuribus,
246 1379 326 1441 quae
348 1373 400 1425 aut
416 1372 541 1440 apertae
555 1371 705 1425 rostratae
721 1371 772 1425 aut
786 1365 853 1425 sibe
865 1365 974 1425 rostris
989 1373 1062 1441 spe

71 1450 246 1510 culatoriae
261 1455 362 1520 erant,
382 1449 490 1509 Delum
505 1448 631 1508 traiecit.
664 1447 766 1508 XLIII.
790 1463 827 1510 eo
844 1449 908 1508 lere
922 1455 1060 1524 tempore

73 1534 189 1595 consul
202 1533 320 1592 Acilius
334 1532 522 1606 Naupactum
544 1532 752 1608 oppugnabat.
788 1532 907 1592 Livium
919 1530 987 1590 Deli
1001 1549 1059 1607 per

73 1618 196 1692 aliquot
216 1616 378 1676 dies-et
397 1625 446 1676 cst
464 1616 680 1677 ventosissima
699 1615 784 1690 regio
807 1616 885 1679 Inter
905 1615 1058 1693 Cycladas

74 1701 164 1760 iretis
185 1700 261 1760 alias
281 1697 448 1764 maioribus
471 1701 547 1762 alius
568 1698 736 1760 minoribus
752 1699 921 1760 divisas—
933 1700 1057 1760 adversi

73 1783 160 1844 venti
179 1789 350 1844 tenuerunt.
381 1779 588 1860 Polyxenidas
610 1783 720 1842 certior
735 1797 790 1856 per
804 1783 970 1858 dispositas
986 1800 1056 1858 spe

73 1867 243 1928 culatorias
255 1881 350 1927 naves
363 1868 462 1926 lactus
472 1865 539 1926 Deli
551 1874 633 1926 stare
643 1865 812 1925 Romanam
824 1865 964 1936 classem,
980 1884 1056 1926 nun-

72 1952 137 2012 tios
153 1951 194 2011 ad
207 1967 310 2026 regem
324 1950 414 2009 mIsit.
439 1951 490 2024 qui
502 1949 624 2010 omissis
638 1961 718 2023 quae
731 1948 762 2007 in
773 1949 972 2029 Hellesponto
985 1963 1056 2022 age-

73 2035 144 2109 bat,
167 2049 234 2094 eum
253 2034 393 2095 rostratis
414 2031 558 2106 navibuS,
581 2039 725 2108 quantum
740 2033 912 2092 accelerare
928 2039 1055 2105 poterat,

73 2117 234 2193 Ephesum
248 2117 335 2189 redit,
351 2123 382 2176 ct
396 2116 556 2178 consilium
571 2117 724 2191 extemplo
740 2115 852 2189 habuit,
869 2115 1055 2176 laciendum-

75 2216 116 2260 ne
130 2201 301 2276 periculum
315 2200 432 2261 navalis
448 2201 620 2262 certaminis
635 2201 722 2260 soret.
744 2198 951 2279 Polyxenidas
962 2210 1055 2277 nega·

73 2285 128 2344 bat
139 2285 333 2356 cessandum,
347 2291 377 2343 ct
386 2283 492 2359 utique
503 2285 588 2358 prius
602 2283 828 2358 confligendum
841 2298 933 2360 quam
944 2284 1054 2346 classis

73 2367 222 2428 Eumenis
237 2375 266 2428 et
278 2366 419 2428 Rhodiae
439 2382 535 2426 naves
556 2366 810 2440 contangerentur
829 2367 984 2428 Romanis.
1013 2369 1055 2428 ita

74 2466 204 2512 numero
225 2467 287 2511 non
311 2451 406 2510 ferme
426 2450 560 2524 impares
581 2451 700 2508 tuturos
715 2465 764 2521 se,
786 2451 895 2509 celeris
913 2448 1053 2510 omnibus

74 2535 270 2610 superiores,
292 2541 323 2594 ct
342 2534 496 2593 celeritate
515 2533 638 2591 navium
659 2540 689 2591 et
703 2531 847 2592 varietate
863 2531 1053 2592 auxiliorum.

73 2634 146 2678 narn
159 2617 316 2678 Romanas
335 2632 431 2678 naves
454 2631 523 2676 cum
542 2615 629 2690 ipsas
649 2615 757 2674 Inscite
772 2615 868 2674 lactas
883 2614 1053 2674 immobiles

75 2717 157 2775 esse,
172 2708 237 2761 tum
252 2702 356 2774 etiam,
376 2706 410 2761 ut
424 2713 504 2775 quac
518 2700 548 2758 in
563 2705 674 2759 terram
687 2698 820 2759 hostium
833 2697 965 2770 veniant,
981 2713 1053 2758 one-

74 2793 158 2846 ratas
181 2791 351 2846 commeatu
370 2783 490 2845 venire:
515 2799 589 2863 suas
611 2789 725 2854 autem,
751 2789 785 2842 ut
805 2787 915 2856 pacata
953 2780 1054 2842 omnia

75 2870 159 2929 circa
180 2883 216 2928 se
236 2867 451 2942 relinquentis,
477 2866 550 2926 nihil
574 2873 694 2941 praeter
713 2867 837 2927 militem
857 2872 950 2942 atque
970 2883 1052 2928 arma

74 2952 243 3013 habituras.
271 2953 398 3011 multum
414 2951 501 3010 etiam
518 2951 687 3011 adiuturam
702 2951 837 3012 notitiam
851 2951 943 3011 maris
958 2957 1051 3010 terra-

73 3049 206 3110 rumque
227 3041 257 3094 et
275 3042 450 3105 ventorum
473 3049 552 3108 quae
574 3034 676 3095 omnia
689 3035 813 3108 ignaros
827 3033 984 3094 turbatura
999 3035 1052 3094 ho-

75 3119 131 3179 stis
147 3125 261 3179 essent.
294 3118 388 3178 movit
402 3118 500 3180 omnis
516 3125 622 3179 auctor
637 3118 769 3192 consilii,
792 3117 845 3192 qui
859 3124 889 3176 ct
903 3133 937 3176 re
952 3118 1053 3176 consi-

74 3201 147 3262 lium
163 3209 365 3262 exsecuturus
380 3209 453 3261 erat.
482 3200 607 3261 biduum
621 3202 652 3259 in
668 3207 817 3276 apparatu
832 3199 948 3272 morati,
964 3199 1053 3258 terlio

74 3286 261 3345 diecentum
281 3284 426 3359 navibus,
448 3299 574 3359 quarum
592 3286 786 3359 septuaginta
799 3291 912 3354 tectae,
934 3289 1053 3340 ceterae

73 3373 215 3444 apertae,
233 3369 359 3428 minoris
375 3381 481 3428 omnes
497 3369 612 3428 lormae
627 3375 721 3441 erant,
739 3364 868 3442 profecti
881 3365 1051 3426 Phocaeam

74 3453 235 3526 petierunt.
249 3453 401 3512 indacum
414 3451 550 3512 audisset
557 3452 806 3526 appropinquare
818 3449 1053 3510 iamRomanam

99 3552 142 3593 ·r.
165 3550 227 3592 mvi
249 3551 324 3593 rans
346 3536 400 3593 lV.
591 3545 594 3548 ’
817 3539 848 3594 17
