2482 3902
250 234 364 298 LIBER
378 235 513 298 XXXIV.
537 237 620 298 chr.
634 245 678 300 to.
690 247 734 300 41.
755 244 837 346 [αἵθ.
851 247 912 316 195]
1004 243 1070 308 159

163 385 224 448 XL.
255 386 415 464 Quinctius
438 389 508 464 plus
532 389 700 450 extimare
722 389 855 452 hostium
871 409 963 468 quam
977 409 1067 456 exre

88 474 151 550 tpsa
171 471 239 548 spei
261 479 386 550 nactus,
410 488 467 548 per
487 473 620 534 triduum
640 473 809 550 insequens
834 477 979 540 territavit
999 494 1065 554 eos,

87 571 162 617 nunc
182 555 306 632 proeliis
328 557 530 632 lacessendo,
552 571 633 618 nunc
654 559 801 634 operibus
816 559 1067 638 intersaepiendo

87 639 240 717 quaedam,
257 655 295 700 ne
309 640 411 702 exitus
426 641 465 702 ad
481 642 585 718 ltrgam
600 649 692 704 esset.
716 643 764 704 his
779 645 1066 709 comminationibus

87 725 258 800 compulsus
278 731 429 803 tyrannus
444 725 652 805 Pythagoram
673 743 782 789 rursus
799 735 952 792 oratorem
966 731 1064 798 misitz

88 823 170 884 quern
185 807 342 883 Quinctius
357 810 456 885 primo
472 809 658 886 aspernatus
674 812 827 874 excedere
841 815 950 876 castris
965 815 1062 888 iussit,

87 893 149 952 dein
170 892 351 968 suppliciter
371 899 507 956 orantem
530 894 772 973 advolutumque
792 898 922 973 genibus
941 900 1064 960 tandem

86 976 202 1038 audivit
232 976 332 1053 prima
347 979 444 1038 oratio
461 979 515 1039 luit
530 979 633 1056 omnia
646 981 848 1056 permittentis
863 984 987 1045 arbitrio
1002 983 1063 1046 Ro·

85 1077 252 1122 manorumz
277 1061 346 1122 dein
370 1077 439 1123 cum
462 1079 499 1124 ea
518 1065 602 1126 velut
622 1080 703 1125 vana
725 1071 755 1126 et
776 1066 843 1126 sine
864 1065 976 1130 effectu
990 1070 1064 1130 nihil

86 1146 273 1221 proficerent,
290 1159 327 1206 eo
344 1145 478 1210 deducte
494 1155 612 1224 estres,
627 1149 709 1210 utiis
722 1148 967 1228 condicionibus,
985 1169 1065 1229 quae

86 1245 119 1289 ex
138 1231 251 1307 scripto
275 1232 384 1306 paucis
406 1239 477 1294 ante
492 1232 602 1293 diebus
618 1233 719 1294 editae
734 1239 836 1309 erant,
859 1233 995 1297 indutiae
1010 1237 1063 1298 fie-

85 1321 158 1386 rent3
181 1315 378 1392 pecuniaque
394 1323 424 1378 et
439 1316 565 1378 obsides
582 1318 711 1393 accepti.

160 1401 238 1461 llum
254 1407 451 1476 oppugnatur
462 1408 622 1480 tyrannus,
639 1401 746 1478 Argivi
759 1400 873 1463 nuntiis
886 1403 953 1464 aliis
966 1420 1066 1482 prope

85 1499 169 1559 super
186 1485 267 1546 alios
285 1485 493 1547 adferentibus
505 1493 621 1548 tanturn
631 1501 693 1548 non
706 1486 764 1546 iam
778 1493 898 1563 captam
908 1487 1062 1550 Lacedae

85 1583 196 1630 monem
210 1585 286 1631 esse
301 1567 394 1631 crecti
410 1576 440 1630 et
453 1569 522 1646 ipsi,
538 1571 628 1632 simul
640 1586 678 1632 eo
692 1571 776 1648 quod
787 1569 980 1650 Pythagoras
994 1589 1064 1634 cum

86 1659 163 1726 parte
182 1652 376 1716 validissima
397 1654 543 1730 praesidii
564 1663 751 1728 excesserat,
768 1663 943 1731 contempta
956 1658 1062 1733 panei-

85 1743 138 1798 tate
149 1753 265 1812 eorum,
278 1737 329 1814 qui
341 1737 371 1797 in
383 1753 455 1799 arce
467 1745 561 1814 erant,
570 1739 815 1818 ducanrchippo
828 1741 962 1817 quodam
972 1757 1062 1817 prae·

86 1821 186 1882 sidium
207 1823 410 1898 expulerunt3
438 1823 639 1884 Timocratem
658 1823 883 1898 Pellenensem,
907 1825 980 1902 quia
1002 1827 1059 1886 cle·

85 1913 191 1968 menter
202 1907 389 1983 praefuerat,
398 1907 501 1968 vivum
512 1907 834 1969 lldedataemiserunt.
849 1908 920 1970 huic
932 1909 1064 1970 laetitiae

86 1989 231 2062 Quinctius
258 1990 437 2067 supervenit
455 2007 534 2068 pace
555 1992 626 2052 dato
640 1999 786 2070 tyranno,
809 1991 1009 2068 dimissisque
1023 1993 1062 2052 ab

85 2071 309 2136 Lacedaemone
324 2075 464 2137 Eumene
478 2083 508 2136 et
521 2075 650 2138 Rhodiis
666 2084 696 2137 et
709 2076 742 2136 L.
759 2075 898 2151 Quinctio
913 2076 1006 2136 tratre
1022 2077 1062 2136 ad

86 2157 216 2220 classem.
238 2159 316 2220 XLI.
331 2161 411 2222 laeta
424 2161 530 2222 civitas
543 2161 774 2222 celeberrimum
785 2162 932 2222 testarum
944 2161 1063 2222 dierum

86 2256 117 2302 ae
140 2245 242 2305 nobile
267 2245 418 2306 ludicrum
437 2245 633 2320 Nemeorum,
660 2246 710 2306 dic
736 2253 814 2307 stata
840 2252 966 2322 propter
989 2244 1063 2306 belli

86 2327 155 2388 mala
166 2329 428 2405 praetermissum,
440 2330 470 2390 in
483 2330 782 2392 adventumRomani
794 2331 947 2391 exercitus
959 2329 1061 2390 ducis·

86 2426 139 2485 que
149 2412 333 2489 indixerunt,
345 2414 622 2490 praefeceruntque
633 2415 712 2474 ludis
725 2415 825 2492 ipsum
837 2414 1063 2490 imperatorem.

85 2497 169 2558 multa
189 2504 279 2559 erant
299 2514 378 2575 quae
397 2500 542 2574 gaudium
564 2499 766 2558 cumularent=
788 2497 907 2558 reducti
923 2497 1007 2557 cives
1023 2497 1064 2556 ab

84 2578 310 2644 Lacedaemone
322 2588 415 2658 erant,
432 2599 511 2660 quos
523 2598 621 2658 nuper
632 2581 825 2659 Pythagoras
838 2595 981 2655 quosque
993 2587 1063 2638 ante

85 2662 169 2726 Nabis
185 2667 372 2738 abduxerat;
395 2667 549 2728 redierant
564 2667 616 2743 qui
631 2672 705 2740 post
719 2671 908 2740 compertam
922 2661 1054 2740 aPytha·

85 2763 151 2822 gora
163 2753 414 2826 coniurationem,
427 2758 458 2813 et
469 2752 565 2813 caede
577 2751 637 2812 iam
649 2756 760 2826 coepta
771 2747 957 2824 effugerant:
972 2747 1061 2808 liber-

85 2838 166 2894 tatem
181 2853 222 2896 ex
237 2837 330 2912 longo
343 2837 504 2898 intervallo
518 2835 729 2912 libertatisque
740 2840 882 2896 auctores
894 2833 1062 2907 Romanos,

86 2917 188 2992 quibus
210 2937 307 2982 causa
326 2920 459 2982 bellandi
482 2936 551 2983 cum
565 2927 697 3000 tyranno
713 2919 772 2996 ipsi
788 2919 933 2992 luissent,
956 2933 1062 2979 cerne·

85 3000 159 3062 bant.
181 3013 294 3067 testata
315 3019 440 3082 quoque
454 3004 525 3082 ipso
539 3005 723 3066 Nemeorum
739 3005 789 3066 die
804 3020 882 3066 voce
897 3001 1063 3080 praeconis

85 3083 201 3150 libertas
218 3089 469 3166 estArgivorum.
492 3089 626 3151 Achaeis
643 3097 789 3166 quantum
800 3089 931 3150 restituti
942 3087 1017 3163 Argi
1031 3087 1063 3144 in

85 3183 239 3234 commune
251 3174 389 3236 Achaiae
411 3174 571 3236 concilium
587 3174 719 3235 laetitiae
733 3173 928 3245 adserebant,
947 3177 1064 3230 tantum

86 3267 168 3317 serva
187 3259 401 3320 Lacedaemon
430 3257 534 3320 relicta
560 3266 591 3320 et
611 3259 698 3318 lateri
719 3257 891 3318 adhaerens
912 3263 1063 3330 tyrannus

84 3351 139 3399 non
153 3341 307 3406 sincerum
323 3343 467 3420 gaudium
483 3342 686 3419 praebebant:
707 3339 809 3402 Aetoli
824 3353 899 3400 vero
917 3353 983 3398 eam
998 3351 1064 3433 reru

86 3426 219 3488 omnibus
242 3428 380 3489 conciliis
403 3427 548 3490 lacerare.
577 3443 646 3489 cum
660 3425 802 3500 Philippo
818 3439 879 3484 nou
896 3427 966 3481 ante
981 3421 1061 3480 dest-

86 3513 140 3567 tum
163 3509 284 3589 bellari,
308 3528 400 3589 quam
422 3510 742 3574 omnibusexcederet
757 3507 904 3568 Graeciae
918 3503 1066 3567 urbibuse
