2482 3902
173 187 214 253 92
312 186 570 250 tlssltltxxxlll.
593 185 675 248 cap.
688 193 731 249 11.
746 193 789 246 ra.
812 189 848 256 [a.
862 185 1011 254 meses]

170 357 261 416 quarn
281 340 437 415 regionem
459 337 589 414 petisset
602 353 657 396 rex
673 337 787 413 quidve
803 345 933 412 pareret.
966 335 1154 396 caduceator

169 439 207 486 co
222 423 326 498 regius
340 423 439 493 vonit,
455 422 561 496 specie
574 427 609 481 ut
621 420 757 482 indutiae
773 427 878 480 essent
893 420 994 480 donec
1010 419 1153 479 tolleren-

168 517 217 568 tur
231 508 272 568 ad
285 507 474 581 sepulturam
490 505 589 580 quiin
604 505 670 565 acic
685 503 885 576 cecidissent,
901 503 1081 564 reversed
1099 519 1153 578 pe·

168 591 290 652 tendam
309 589 431 650 veniam
452 589 561 663 legatis
581 588 745 648 mittendis.
777 593 942 664 utramque
957 587 997 646 ab
1011 585 1153 648 Romano

168 675 369 750 impetratum.
384 673 504 732 adiecta
513 671 602 732 etiam
613 671 664 731 illa
674 685 745 744 vox,
754 671 837 731 bono
849 671 951 731 emmo
963 685 1037 732 esse
1047 682 1155 746 regem

168 765 202 819 ut
221 758 354 826 luberet;
377 769 458 832 quae
478 754 611 816 maxime
624 756 753 817 Aetolos
770 753 913 828 offendit,
933 753 995 814 iam
1009 755 1155 815 tumentis

169 841 388 917 querentisque
399 845 546 900 mutatum
556 838 684 898 victoria
695 839 918 914 imperatorem.
933 843 1005 898 ante
1017 849 1155 913 pugnam

169 926 272 986 omnia
285 939 397 999 magno
411 937 569 998 parvaque
584 923 809 984 communicare
823 937 892 982 cum
904 921 1000 983 sociis
1013 922 1154 982 solitum:

169 1023 251 1069 nune
272 1009 406 1068 omnium
427 1011 570 1082 expertes
589 1005 786 1068 consiliorum
800 1017 889 1076 ossea
913 1021 971 1066 suo
987 1005 1093 1082 ipsum
1108 1017 1154 1064 ar-

168 1092 257 1152 bitrio
279 1097 389 1152 cuncta
408 1103 516 1166 agere;
548 1103 617 1150 cunr
637 1089 778 1165 Philippo
797 1090 857 1150 iam
877 1089 995 1164 gratiae
1015 1091 1155 1165 privates

171 1179 272 1258 locum
287 1189 445 1251 quaerere,
460 1181 494 1234 ut
508 1173 585 1234 dara
599 1179 692 1248 atque
706 1186 818 1249 aspera
831 1173 903 1234 belli
917 1173 1021 1234 aetoli
1037 1173 1152 1232 exbau·

170 1261 274 1334 serint,
294 1259 379 1336 pacis
392 1258 520 1333 gratiam
536 1264 566 1317 et
578 1259 710 1318 lluotum
724 1259 881 1318 Romanus
896 1255 927 1316 in
942 1271 977 1316 se
993 1262 1104 1318 vertat.
1127 1261 1153 1314 et

169 1343 251 1404 haud
272 1341 365 1403 dubie
385 1343 565 1402 decesserat
583 1341 621 1400 iis
643 1341 831 1416 aliquantum
851 1340 995 1401 lronorls=
1018 1337 1078 1404 sed
1102 1353 1154 1400 cur

169 1423 603 1500 neglegerentur-ignorabant.
623 1423 713 1485 donis
723 1425 806 1500 regis
817 1423 975 1485 imminere
987 1423 1153 1484 credebant

169 1507 273 1568 invicti
294 1508 332 1568 ab
354 1523 392 1568 ee
407 1507 572 1582 cupiditate
588 1506 679 1566 animi
692 1508 806 1568 virum=
830 1509 887 1568 scd
900 1513 932 1568 cl
946 1507 1152 1568 succenseba¹

168 1607 230 1651 non
251 1591 398 1650 immerito
412 1589 531 1650 Aetolis
553 1589 593 1650 ob
608 1588 811 1652 insatiabilem
826 1591 1002 1653 aviditatem
1016 1589 1154 1667 praedae

170 1683 199 1734 ct
213 1674 417 1749 arrogantiam
431 1685 546 1746 eorum,
562 1673 707 1734 victoriae
722 1673 849 1750 gloriam
864 1676 894 1735 in
909 1689 945 1736 se
957 1676 1153 1751 rapientium,

171 1771 251 1832 quac
272 1756 403 1817 vanitate
417 1771 475 1816 sua
496 1758 629 1818 omnium
644 1771 736 1819 curres
752 1757 944 1827 offendebam
964 1766 996 1820 ct
1009 1758 1155 1834 Plrllippo

171 1839 300 1914 sublato,
313 1841 417 1902 fractis
429 1839 541 1917 opibus
550 1840 741 1902 Macedonici
752 1843 838 1918 regni
847 1843 978 1904 Aetolos
990 1842 1154 1903 habendos

172 1924 317 1985 Graeciae
331 1923 472 1986 dominos
489 1925 640 1985 cernebat.
671 1925 710 1986 ob
725 1939 779 1986 aas
795 1939 907 1988 causas
923 1927 1017 1988 multe
1031 1927 1154 1998 sedulo,

171 2014 203 2068 ut
223 2007 346 2068 viliores
366 2008 562 2084 levioresque
583 2009 666 2084 apud
687 2009 785 2070 onmis
801 2017 906 2070 essent
920 2016 951 2070 et
963 2009 1155 2084 viderentur,

172 2091 310 2152 iaciebat.

254 2175 318 2233 ΧΗ.
341 2175 479 2235 indutiae
494 2175 668 2251 quindecim
683 2178 801 2238 dierum
816 2177 906 2238 datae
916 2177 999 2240 hosti
1010 2183 1107 2252 erant,
1127 2185 1158 2240 cl

171 2271 240 2318 cum
254 2257 323 2332 ipso
337 2271 411 2334 rege
426 2259 620 2320 constitutum
637 2262 839 2336 colloquiuma
868 2261 955 2323 cuius
971 2261 1156 2338 priusquam

171 2348 291 2416 tempus
314 2342 445 2417 veniret,
470 2343 502 2402 in
525 2343 686 2406 consilium
706 2344 870 2405 advocavit
890 2345 1012 2408 sociosa
1038 2347 1157 2408 rettulit

172 2441 250 2501 quas
270 2427 355 2501 leges
377 2427 462 2502 pacis
479 2428 614 2502 placeret
628 2429 698 2490 dici.
732 2428 934 2506 Amynander
945 2429 1154 2491 Athamanum

169 2525 225 2569 rex
240 2508 347 2585 paucis
363 2513 543 2572 senientiam
557 2513 704 2574 absolvit:
727 2513 768 2572 ita
783 2512 1030 2588 componendam
1041 2527 1154 2588 pacem

170 2609 256 2666 esse,
277 2599 312 2655 ut
330 2595 457 2657 Graecia
476 2595 764 2658 ctiam-absentibus
778 2595 925 2658 Romanis
947 2595 1023 2658 satis
1038 2603 1154 2674 potens

173 2679 303 2737 tuendae
318 2679 407 2738 simul
422 2679 508 2754 pacis
524 2681 732 2756 libertatisque
747 2687 839 2742 esset.
864 2681 1044 2742 Aetolorum
1059 2689 1153 2758 aspe-

170 2758 233 2819 rior
253 2761 348 2820 oratio
370 2763 440 2834 ibit,
467 2763 519 2836 qui
543 2775 641 2837 pauca
661 2763 805 2838 praelati,
825 2770 910 2824 recte
931 2771 1024 2840 atque
1044 2762 1154 2825 ordina

171 2842 385 2916 imperatorem
405 2845 576 2906 Romanurn
601 2847 718 2922 lacere,
746 2847 830 2921 quod
851 2863 931 2924 quos
951 2847 1024 2908 belli
1045 2846 1152 2908 socios

170 2924 337 3000 habuisset,
346 2941 414 2988 cun
426 2928 462 2988 iis
475 2931 712 2991 communicaret
722 2931 808 3005 pacis
821 2931 958 2993 consilia.
975 2931 1036 2992 lalli
1048 2937 1153 2992 aulem

171 3022 240 3067 eum
260 3014 325 3069 tota
342 3023 391 3085 re,
413 3012 440 3071 si
461 3018 513 3073 aut
529 3013 675 3076 Romanis
697 3027 806 3090 paoem
828 3021 880 3076 eut
894 3014 1040 3076 Graeciae
1060 3015 1151 3075 liber·

171 3096 264 3152 tatem
286 3093 361 3155 salis
376 3093 494 3156 firmam
509 3113 544 3158 se
560 3099 666 3159 credat
678 3097 853 3159 relicturum
867 3099 927 3158 nisi
940 3097 1085 3174 Philippo
1099 3103 1153 3160 aut

171 3175 276 3239 occiso
299 3185 351 3240 aut
368 3191 465 3254 regno
481 3183 589 3256 pulso;
611 3197 691 3262 quae
704 3188 835 3258 utraque
850 3180 1000 3258 proclivia
1014 3193 1101 3256 esse,
1125 3181 1151 3240 si

172 3261 292 3322 lortuna
310 3263 354 3324 uti
373 3265 472 3325 vellet.
503 3265 543 3328 od
563 3267 639 3328 haec
654 3265 810 3340 Quinctius
829 3281 943 3342 negare
957 3266 1086 3326 aetolos
1100 3269 1152 3326 aul

171 3345 264 3404 moris
279 3347 485 3410 Romanorum
499 3365 665 3426 memores,
688 3356 740 3410 aut
752 3349 810 3410 sibi
825 3351 902 3425 ipsis
918 3348 1151 3412 convenientem

140 3506 141 3512 ἵ
172 3431 351 3491 sententiam
371 3431 497 3494 dixisse.
533 3441 564 3495 ct
582 3435 652 3495 illos
673 3431 827 3508 prioribus
849 3433 990 3495 omnibus
1012 3429 1150 3494 conciliis
