2482 3902
206 207 268 273 162
318 208 434 270 LIBER
444 207 578 270 XXXIV.
601 205 684 267 CAP.
695 214 739 268 44.
752 215 796 268 45.
808 214 853 269 46.
877 211 913 280 [c.
927 207 962 266 U.
974 229 999 266 c.
1010 213 1076 280 558]

206 363 300 422 ullum
316 361 456 422 ordinem
469 360 628 420 saevitum.
652 358 761 420 atrium
770 357 929 418 Libertatis
942 363 972 418 et
983 358 1056 418 villa
1067 359 1188 433 publica

207 445 246 506 ab
261 444 360 506 isdem
375 445 491 503 reiecta
505 443 761 518 amplificataque.

290 530 355 588 Ver
375 543 498 588 sacrum
520 527 646 602 ludique
666 526 775 600 votivi,
800 533 880 601 quos
899 533 1026 588 voverat
1039 525 1072 584 P.
1089 525 1186 602 Sulpi-

207 615 272 674 cius
290 609 385 672 Galba
400 612 517 683 consul‚
539 611 618 670 iacti.
649 627 716 670 cum
733 611 910 684 spectaculo
926 625 1034 671 eorum
1049 611 1185 686 occupati

206 697 297 758 animi
313 695 471 756 hominum
485 700 598 769 essent,
613 693 647 768 Q.
659 693 833 767 Pleminius,
850 694 902 768 qui
918 700 1046 770 propter
1057 697 1149 754 multa
1160 695 1184 752 in

207 781 285 842 deos
297 779 501 856 hominesque
511 778 630 840 seelera
640 778 748 840 Locris
760 775 896 838 admissa
907 778 937 837 in
949 793 1106 838 carcerem
1120 794 1184 838 con·

206 867 304 925 iectus
319 863 433 937 luerat,
456 869 688 937 comparaverat
703 861 858 936 homines,
880 861 933 937 qni
946 862 1087 936 pluribus
1103 863 1184 922 simul

206 948 283 1010 locis
301 947 387 1007 urbis
401 952 491 1008 noete
505 946 647 1008 incendia
661 948 811 1019 iacerent,
832 953 866 1006 ut
880 945 910 1006 in
925 952 1124 1018 consternata
1137 962 1184 1005 nn-

207 1040 315 1093 cturno
338 1032 468 1092 tumultu
488 1030 610 1092 civitate
624 1030 748 1104 refringi
763 1045 869 1090 career
883 1037 1000 1106 posset.
1029 1045 1067 1090 ea
1082 1045 1132 1090 res
1147 1031 1184 1088 in-

209 1116 289 1177 dicio
311 1115 506 1177 consciorum
528 1117 626 1190 palam
649 1116 728 1178 laeta
743 1114 905 1190 delataque
923 1114 964 1174 ad
978 1119 1120 1175 senatum
1134 1121 1185 1174 est

208 1198 373 1260 Pleminius
384 1199 415 1259 in
428 1200 602 1260 interiorem
609 1199 763 1260 demissus
771 1213 927 1259 carcerem
934 1203 1177 1274 estneeatusque

291 1283 382 1344 XLV.
399 1282 543 1344 Coloniae
556 1283 667 1344 civium
678 1284 885 1344 Romanorum
898 1299 935 1342 eo
947 1297 1028 1344 anno
1041 1282 1186 1342 deductae

208 1375 280 1430 sunt
300 1367 444 1427 Puteolos
466 1369 650 1428 Vulturnum
669 1367 837 1439 Liternum,
865 1367 979 1426 treceni
999 1366 1139 1427 homines
1159 1366 1186 1424 in

208 1453 354 1527 singulas.
387 1452 460 1511 item
481 1449 641 1511 Salernum
662 1452 898 1526 Buxentumque
917 1450 1057 1511 coloniae
1080 1451 1185 1510 civium

207 1536 417 1597 Romanorum
432 1535 583 1596 deductae
598 1541 677 1596 sunt.
711 1535 869 1594 deduxere
884 1534 1032 1594 triumviri
1045 1533 1089 1593 Ti.
1106 1533 1185 1595 Sern-

208 1619 338 1695 pronius
352 1619 488 1694 Longus,
505 1619 557 1694 qui
570 1626 635 1680 tum
648 1620 756 1678 consul
772 1625 845 1692 erat,
860 1617 900 1678 Μ.
917 1617 1074 1693 Servilius,
1092 1617 1125 1692 Q.
1137 1617 1185 1676 itli-

208 1704 316 1764 nueius
325 1703 483 1764 Thermus.
504 1718 578 1778 ager
592 1703 710 1763 divisus
721 1709 769 1762 est
782 1701 834 1778 qui
846 1701 1070 1777 Campanorum
1084 1702 1185 1762 iuerat.
1225 1757 1226 1784 ἒ

209 1787 371 1862 Sipontum
385 1789 456 1848 item
470 1787 501 1847 in
517 1803 624 1863 agrum
639 1787 692 1862 qui
706 1787 891 1862 Arpinorum
907 1787 1020 1860 iuerat,
1039 1786 1186 1846 coloniam

210 1871 321 1931 civium
340 1872 547 1932 Romanorum
570 1873 621 1932 alii
645 1869 807 1943 triumviri,
833 1871 868 1930 Ι).
891 1870 995 1930 lunius
1015 1869 1130 1930 Brutus
1150 1869 1186 1927 Μ.

208 1955 341 2016 Baebius
352 1956 529 2031 Tamphilus
541 1955 581 2016 Μ.
589 1954 715 2015 Helvius
728 1954 929 2015 deduxerunt.
947 1956 1111 2029 Tempsam
1121 1955 1187 2014 item

208 2045 238 2100 et
253 2039 415 2102 Crotonem
430 2039 542 2100 civium
551 2039 759 2100 Romanorum
774 2038 914 2100 coloniae
925 2037 1088 2102 deductae.
1103 2039 1185 2099 Tern-
1224 2035 1225 2040 ’

208 2140 325 2198 psanus
346 2138 420 2198 ager
439 2123 479 2181 de
493 2121 617 2183 Bruttiis
637 2128 745 2197 captus
759 2129 839 2191 erat3
860 2121 968 2184 Bruttii
985 2123 1123 2184 Graecos
1138 2137 1187 2182 ex·

207 2208 363 2282 pulerante
387 2206 548 2266 crotonem
565 2206 673 2266 Graeci
687 2206 849 2268 habebant.
873 2207 1021 2267 triumviri
1036 2207 1090 2268 Cn.
1104 2205 1188 2268 Octa·

206 2289 276 2349 vius
290 2289 323 2348 Ι..
335 2288 484 2350 Aemilius
496 2288 609 2350 Paulus
621 2288 652 2348 G.
665 2288 835 2352 Plaetorius
848 2288 1018 2365 Crotonem,
1028 2292 1188 2366 Tempsam

207 2373 240 2433 L.
257 2373 415 2434 Cornelius
430 2373 547 2434 Merula
562 2372 596 2448 Q.
609 2369 643 2410 **
659 2372 690 2432 C.
706 2373 851 2435 Salonius
868 2375 1071 2435 deduxerunt.

291 2457 433 2534 Prodigia
449 2473 575 2534 quoque
588 2457 648 2518 alia
662 2459 730 2518 visa
744 2473 782 2519 eo
798 2475 878 2520 anno
892 2460 1010 2520 Rornae
1026 2466 1114 2532 sunt,
1134 2458 1189 2518 alin

209 2544 355 2604 nuntiata.
381 2543 412 2602 in
429 2543 496 2604 loro
517 2549 547 2603 et
568 2541 689 2603 comitio
704 2549 735 2602 et
750 2541 898 2617 Capitolio
915 2543 1075 2618 sanguinis
1090 2550 1188 2618 guttae

208 2627 295 2688 visae
315 2634 401 2701 sunt,
423 2635 461 2688 et·
472 2636 553 2688 terra
574 2627 757 2702 aliquotiens
775 2627 886 2701 pluvit,
910 2635 940 2688 et
954 2634 1048 2702 caput
1060 2626 1187 2688 Vulcani

208 2712 292 2770 arsit.
321 2711 490 2770 nuntiatum
512 2717 561 2771 est
573 2709 653 2772 Nare
673 2711 753 2770 amni
775 2713 823 2770 lac
843 2709 989 2781 fluxisse;
1013 2727 1131 2787 pueros
1146 2711 1187 2769 in·
1222 2707 1223 2720 ¹

207 2807 327 2864 genuus
338 2794 466 2852 Arimini
481 2794 549 2854 sino
564 2793 662 2854 oeulis
679 2811 715 2855 ac
729 2811 815 2868 naso,
832 2803 862 2855 et
875 2796 905 2854 in
916 2795 1028 2856 Piceno
1041 2811 1117 2871 agro
1130 2811 1187 2856 non

207 2889 326 2948 manus,
342 2891 404 2935 non
419 2875 516 2949 pedes
531 2875 694 2937 habentem
708 2885 821 2939 natum.
851 2895 888 2940 ea
902 2878 1044 2954 prodigia
1059 2895 1100 2939 cx
1113 2896 1188 2956 pon·
1221 2939 1222 2950 ,

206 2956 322 3017 tilioum
350 2957 475 3020 decreto
508 2966 683 3034 procurata.
725 2970 755 3024 et
783 2963 968 3024 sacrificium
996 2963 1187 3024 novemdiale

206 3041 320 3103 iactum
336 3049 397 3115 est,
418 3043 503 3118 quod
517 3042 663 3106 Hadriani
677 3046 889 3108 nuntiaverant
902 3048 932 3106 in
948 3061 1023 3122 agro
1039 3063 1098 3108 suo
1115 3047 1186 3122 lapi·

207 3125 297 3188 dibus
316 3127 464 3202 pluvisse.

291 3210 394 3272 XLVI.
416 3212 450 3272 In
467 3213 563 3274 Gallia
575 3214 609 3274 L.
624 3213 766 3276 Valerius
780 3213 910 3277 Flaccus
924 3216 1094 3291 proconsul
1110 3215 1188 3275 circa

205 3293 423 3358 Mediolanium
438 3313 506 3358 curn
519 3297 612 3358 Gallis
624 3298 805 3360 insubribus
817 3307 847 3362 et
855 3298 950 3374 Boiis,
967 3298 1020 3375 qui
1040 3301 1186 3362 Dorulato

207 3378 287 3439 duee
309 3380 348 3440 ad
370 3381 571 3444 concitandos
590 3382 735 3444 Insubres
749 3382 866 3445 Padum
886 3383 1073 3458 transgressi
1094 3391 1186 3458 crant,

206 3460 303 3533 signis
316 3464 432 3526 collatis
441 3465 635 3542 depugnavit.
652 3467 759 3529 decern
769 3468 853 3528 milia
862 3467 995 3530 hostium
1008 3473 1079 3530 sunt
1087 3483 1186 3529 caesa.

1204 3551 1220 3883 l
