2482 3900
276 219 393 280 LIBER
406 219 512 281 llxltl.
535 219 692 283 CAP.5·6.
706 229 732 284 7.
755 225 911 296 [astam]
1067 223 1087 282 5

103 372 284 448 Aureliique
305 371 404 432 lectae
426 377 457 431 et
469 371 562 446 legati
576 371 810 434 Atheniensium
824 370 929 431 auditi.
960 379 1085 434 senalus

100 458 173 518 inde
195 455 370 516 consultum
392 455 505 515 lactum
529 459 590 528 est,
611 461 645 515 ut
664 454 758 515 sociis
778 453 894 530 gratiae
916 462 1086 532 agerentur,

100 539 186 616 quod
201 537 255 599 diu
269 535 423 598 sollicitati
434 553 475 599 ne
486 536 658 598 obsidionis
674 537 797 613 quidem
808 544 889 598 metu
903 537 966 598 ilde
977 537 1086 600 deces-

100 625 227 685 sissent.
251 622 290 682 de
305 620 419 682 auxilio
434 621 582 681 mittendo
596 629 659 682 tum
673 619 858 696 responderi
868 622 1001 696 placere,
1018 637 1086 684 eum

100 707 248 769 consules
271 703 448 780 provincias
470 704 569 766 sortiti
591 703 711 780 cesant,
732 711 825 781 atque
846 703 874 765 is
890 706 1015 780 consul,
1037 705 1086 766 cui

98 787 284 851 Macedonia
306 786 466 863 provincia
484 787 656 864 evenisset,
678 788 719 850 ad
732 788 883 864 populum
897 788 1030 864 tulisset,
1053 795 1085 850 rt

99 873 175 934 Phili
178 889 243 948 ppo
255 872 324 947 regi
337 870 542 932 Macedonum
556 869 742 934 indiceretur
754 872 877 934 bellum.

181 957 235 1016 Vl.
255 955 289 1014 P.
305 953 443 1031 Sulpicio
458 955 618 1030 provincia
631 953 813 1018 Macedonia
827 955 902 1017 sorti
918 955 1028 1031 evenit,
1044 955 1084 1017 is·

98 1057 161 1117 que
186 1038 377 1116 rogationem
401 1039 621 1130 promulgavit,
646 1040 760 1100 vellent
782 1039 922 1101 iuberent
944 1038 1085 1116 Philippo

100 1125 164 1199 regi
177 1122 479 1198 Macedonibusque,
502 1123 554 1196 qui
569 1121 628 1182 sub
648 1137 745 1196 regno
769 1123 835 1182 eius
852 1128 967 1197 essent,
983 1123 1023 1185 ob
1038 1123 1083 1182 in·

104 1208 194 1268 irrias
215 1221 363 1282 armaque
383 1206 466 1265 illata
479 1206 574 1266 sociis
590 1205 697 1281 populi
711 1205 839 1266 Romani
853 1205 966 1266 bellum
980 1205 1083 1266 indici.

104 1291 186 1350 elteri
199 1291 362 1352 consulum
375 1289 503 1350 Aurelio
517 1289 603 1350 ltalia
613 1288 773 1363 provincia
785 1287 899 1362 obtigit.
923 1296 1082 1364 praetores

100 1374 211 1433 exinde
224 1372 323 1434 sortiti
342 1378 427 1447 sunt,
450 1373 481 1434 c.
498 1371 624 1447 Sergius
638 1372 769 1434 Plancus
785 1372 942 1446 urbanam,
965 1371 1000 1446 Q.
1013 1371 1083 1431 Ful·

99 1457 167 1517 vius
183 1457 260 1517 (lilio
276 1454 418 1531 Siciliam,
435 1455 468 1530 Q.
484 1456 637 1517 Minucius
652 1457 751 1518 Rufus
765 1456 910 1530 Bruttios,
925 1455 959 1516 L.
970 1455 1082 1520 Furius

98 1540 248 1614 Purpurio
270 1539 406 1600 Galliam.
441 1540 561 1616 rogatio
587 1541 626 1600 de
647 1541 727 1600 bello
748 1539 949 1602 Macedonico
976 1537 1083 1615 primis

97 1623 229 1683 comitiis
251 1623 290 1682 ab
319 1622 461 1684 omnibus
487 1623 583 1684 ferme
611 1624 756 1685 centuriis
781 1623 939 1699 antiquato
964 1629 1021 1684 est.
1051 1623 1082 1684 id

97 1721 168 1767 cum
182 1707 258 1768 lessi
281 1706 476 1768 diuturnitate
491 1714 521 1768 et
534 1707 683 1784 gravitate
696 1707 768 1768 belli
782 1723 841 1767 sua
855 1715 966 1784 sponte
984 1707 1080 1768 bomi-

97 1805 152 1850 nes
179 1789 281 1851 taedio
311 1788 519 1863 periculorum
548 1791 748 1866 laborumque
775 1792 926 1865 iecerunt,
955 1799 1019 1850 turn
1047 1789 1080 1864 Q.

98 1872 230 1936 baebius
244 1873 383 1934 tribunus
399 1873 509 1950 plebis,
524 1875 604 1935 mom
619 1875 775 1948 antiquam
787 1873 966 1936 criminandi
976 1881 1081 1950 patres

94 1955 273 2032 ingressus,
295 1957 492 2019 incusaverat
510 1957 592 2018 bella
613 1975 653 2019 ex
666 1957 755 2018 bellis
772 1957 849 2032 seri,
870 1974 910 2020 nc
923 1973 1001 2034 pace
1015 1973 1075 2018 unr·

96 2055 190 2115 quam
202 2041 260 2101 lrui
270 2041 359 2116 plebs
370 2048 490 2117 posset
513 2056 606 2117 aegre
618 2058 684 2102 earn
696 2057 760 2101 rem
774 2042 860 2116 passi
872 2049 986 2117 patres,
999 2042 1079 2102 lace-

96 2130 243 2200 ratusque
264 2123 387 2199 probris
408 2125 438 2184 in
454 2131 565 2187 senatu
584 2127 723 2186 tribunus
739 2126 856 2200 plebis;
878 2133 908 2186 et
922 2124 1080 2186 consulem

94 2221 152 2282 pro
171 2223 207 2268 se
229 2207 362 2284 quisque
383 2208 514 2282 hortari,
535 2216 568 2271 ut
589 2210 628 2269 de
650 2209 768 2284 integro
784 2209 906 2270 comitia
926 2208 1078 2285 rogationi

94 2291 242 2352 terendae
262 2291 410 2365 ediceret,
433 2290 659 2368 castigaretque
680 2294 840 2369 segnitiam
859 2295 966 2370 populi
987 2295 1080 2367 atque

94 2375 249 2449 edoceret,
258 2383 372 2450 quanto
385 2377 497 2438 damno
509 2376 718 2451 dedecorique
730 2377 834 2438 dilatio
846 2391 885 2438 ea
895 2377 967 2438 belli
979 2378 1079 2436 lutura

94 2467 188 2520 esset.
218 2459 284 2518 vll.
308 2461 417 2521 consul
432 2459 462 2519 in
478 2477 587 2535 campo
601 2460 711 2521 Martio
731 2461 875 2536 comitiis,
897 2460 1079 2536 priusquam

94 2540 248 2603 centurias
263 2541 294 2602 in
307 2542 486 2619 suffragium
497 2545 635 2617 mitteret,
652 2543 795 2604 contione
807 2545 958 2604 advocata
971 2543 1078 2616 „igno-

93 2631 183 2687 rare“
197 2625 298 2702 inquit
318 2627 412 2699 „mibi
426 2627 587 2702 videmini,
608 2625 754 2703 Quirites,
774 2643 836 2686 non
854 2635 952 2687 utrum
966 2625 1077 2686 bellum

93 2725 132 2769 an
147 2725 260 2786 pacem
280 2709 419 2772 habeatis
434 2727 492 2772 vos
509 2710 629 2772 consuli
642 2744 679 2755 -
692 2724 795 2786 neque
809 2710 888 2770 enirn
902 2707 1031 2769 liberum
1046 2705 1078 2770 id

92 2792 184 2854 vobis
199 2793 360 2870 Philippus
382 2796 550 2871 permittet,
571 2794 624 2869 qui
642 2802 724 2856 terra
738 2793 877 2870 marique
891 2792 999 2870 ingens
1012 2791 1077 2853 bel-

92 2877 155 2938 lum
169 2877 293 2940 molitur
302 2910 359 2953 —,
374 2878 432 2940 scd
447 2887 547 2940 utrum
561 2879 592 2939 in
603 2877 816 2940 Macedoniam
826 2879 964 2953 legiones
976 2885 1074 2938 trans-

93 2961 238 3037 portetis,
266 2978 305 3022 nn
326 2961 433 3025 hostes
455 2963 485 3023 in
507 2961 625 3024 ltaliam
644 2961 813 3039 accipiatis.
849 2963 909 3022 hoc
930 2969 1076 3038 quantum

91 3043 227 3119 intersit,
254 3046 281 3107 si
302 3063 469 3124 numquam
495 3045 571 3108 alias
592 3045 708 3108 Punico
730 3047 871 3122 proximo
894 3055 975 3107 certe
994 3045 1075 3105 bello

93 3129 213 3204 experti
228 3129 314 3191 estis.
351 3131 421 3207 quis
436 3131 516 3191 enim
530 3131 661 3206 dubitat,
683 3132 765 3206 quin,
785 3131 812 3192 si
829 3128 1004 3205 Saguntinis
1021 3128 1074 3186 ob·

93 3212 192 3274 sessis
204 3213 359 3290 fidemque
369 3219 506 3276 nostram
516 3213 747 3291 implorantibus
758 3215 887 3290 impigre
898 3216 1074 3275 tulissemus
1117 3257 1127 3274 ,

93 3311 200 3372 opem,
221 3298 302 3360 sicut
321 3304 426 3374 patres
450 3298 546 3360 nostri
565 3298 752 3362 Mamertinis
767 3299 911 3370 tulerant,
933 3302 1029 3357 totum
1043 3294 1074 3354 in

92 3377 274 3456 Hispaniam
285 3381 424 3443 aversuri
434 3382 548 3442 bellurn
559 3381 715 3456 fuerimus,
725 3382 809 3458 quod
821 3380 991 3441 cunctando
1004 3393 1073 3438 cum

94 3479 214 3525 surnma
233 3465 322 3526 clade
341 3473 447 3528 nostra
467 3466 497 3526 in
512 3467 628 3528 ltaliam
648 3466 845 3543 accepimus?
864 3479 903 3524 ne
917 3462 992 3524 illud
1008 3459 1070 3537 qui-
