2482 3902
263 159 520 222 llssnssxxxlil.
544 161 704 225 cheae.
727 167 809 236 [ac.
823 169 884 236 rot]
1018 161 1058 227 87

97 317 147 378 sed
170 331 255 376 usum
280 329 336 374 nec
356 315 397 374 ad
417 314 660 376 commoditatem
683 315 801 376 terendi
821 331 879 376 nee
900 315 940 374 ad
959 315 1059 391 ipsius

97 398 258 460 munitionis
279 399 500 458 firmamentum
521 405 710 472 aptaverunt.
747 413 817 459 nam
837 406 868 459 et
883 399 1016 460 maiores
1031 409 1061 461 et

96 483 182 558 magis
195 497 333 542 ramosas
349 481 476 543 arbores
492 481 672 557 caedebant,
694 497 785 558 quam
800 498 878 557 quas
894 484 975 543 terre
990 499 1059 544 cum

41 599 43 630 t
96 566 177 627 armis
189 567 275 632 miles
289 571 406 641 posset,
429 573 462 626 ut
475 580 544 626 cum
560 572 661 627 castra
674 566 723 626 his
738 573 808 626 ante
823 565 952 628 obiectis
967 583 1058 642 saep-

39 671 42 732 ς
96 652 211 726 sissent,
228 649 325 710 tacitis
340 649 454 710 molitio
469 664 574 710 eorum
588 648 660 709 valli
674 657 748 711 erat.
781 665 852 710 uam
865 656 896 712 et
911 650 984 726 quia
997 651 1057 710 rari

94 734 201 808 stipites
215 748 394 809 magnarum
408 732 550 794 arborum
564 733 746 809 eminebant,
760 733 907 808 multique
922 741 954 795 et
966 734 1059 794 velidi

94 817 158 878 rami
170 815 357 891 praebebant
368 817 452 892 quod
465 823 547 878 recte
558 833 650 879 manu
660 825 831 894 caperetur,
839 817 900 882 duo
913 823 965 880 aut
976 833 1058 877 sum·

94 916 164 960 mum
182 907 243 961 tres
264 901 393 962 iuvenes
408 900 511 962 conixi
525 900 666 964 arborem
682 917 774 962 unam
788 902 974 976 evellebant,
997 917 1059 978 qua

93 985 188 1044 evulsa
206 992 316 1059 portae
336 985 432 1045 instar
452 987 604 1060 extemplo
626 986 762 1060 patebat,
784 1001 842 1046 nee
862 985 893 1044 in
914 993 1058 1062 promptu

94 1074 147 1129 erat
164 1069 246 1143 quod
266 1068 494 1130 obmolirentur.
521 1068 679 1129 Romanus
697 1069 783 1130 leves
798 1077 828 1129 et
840 1068 978 1130 bifurcos
993 1071 1057 1144 pla

93 1167 209 1228 rosque,
231 1151 382 1228 citrium,
404 1159 457 1212 aut
470 1167 539 1212 cum
555 1153 732 1227 plurimum,
748 1159 892 1228 quattuor
903 1169 1057 1214 ramorum

95 1235 180 1296 vallos
200 1235 316 1310 caedit,
336 1242 369 1296 ut
383 1243 414 1298 et
427 1237 591 1310 suspensis
607 1235 645 1296 ab
659 1243 746 1310 tergo
761 1236 853 1296 armis
870 1237 948 1296 ierat
961 1237 1057 1311 pluris

92 1318 168 1380 simul
191 1327 262 1395 apte
287 1320 391 1390 miles3
425 1327 455 1380 et
479 1320 521 1380 ita
546 1320 661 1380 densos
687 1319 817 1396 cingunt
841 1319 1057 1395 inplicantque

91 1417 193 1477 ramos,
214 1409 248 1464 ut
269 1419 371 1480 neque
383 1403 416 1442 **
428 1417 509 1478 quae
528 1403 679 1478 cuiusque
694 1403 803 1480 stipitis
819 1405 921 1478 palma
935 1403 974 1463 sit
987 1418 1057 1478 per·

91 1483 174 1546 videri
192 1487 310 1562 possit;
339 1495 369 1548 et
390 1487 468 1548 adeo
489 1489 569 1548 acuti
589 1487 731 1563 aliusque
751 1503 808 1563 per
823 1487 916 1547 alium
930 1486 1057 1546 immissi

90 1569 155 1628 radii
167 1571 268 1634 locum
284 1571 324 1632 ad
337 1571 532 1631 inserendam
546 1587 669 1631 manum
684 1587 746 1632 non
760 1571 943 1650 relinquunt,
958 1577 992 1630 ut
1005 1585 1056 1628 ne-

90 1667 141 1726 que
158 1653 307 1728 prehendi
330 1655 416 1730 quod
433 1653 584 1727 trahatur,
605 1668 708 1730 neque
728 1651 822 1728 habi,
846 1669 914 1714 cum
928 1654 1008 1718 inter
1022 1669 1057 1714 se

89 1735 178 1798 innexi
197 1738 277 1798 rami
297 1738 452 1798 vinculum
472 1737 502 1798 in
523 1738 623 1798 vicem
642 1738 825 1813 praebeant,
846 1738 961 1812 possib
984 1744 1016 1798 et
1030 1737 1056 1797 si

88 1821 199 1883 evulsus
219 1823 301 1884 torte
320 1830 369 1883 est
382 1837 477 1895 unus,
499 1837 557 1883 nec
571 1823 631 1884 loci
645 1823 772 1882 multum
786 1822 898 1897 aperit,
921 1829 951 1881 et
965 1822 1056 1882 alium

88 1920 223 1980 reponere
237 1906 387 1982 perfacile
404 1914 460 1967 est.

158 1987 208 2050 Vl.
239 1989 400 2066 Quinctius
414 1997 541 2067 postero
556 1989 607 2050 die
621 1990 735 2051 vallum
748 2003 854 2050 secum
869 1989 985 2050 terente
1002 1988 1055 2048 mi-

87 2067 129 2131 lte
150 2081 181 2134 ut
200 2081 331 2151 paratus
357 2075 439 2136 omni
464 2076 534 2136 loco
554 2073 664 2135 castris
687 2073 838 2150 ponendis
860 2081 958 2148 esset,
984 2089 1056 2149 pro·

86 2167 200 2226 gressus
214 2158 373 2218 modicum
386 2159 451 2233 iter,
467 2174 524 2220 sex
539 2158 634 2218 lernae
649 2157 731 2218 milia
745 2173 764 2218 a
777 2156 884 2218 Pheris
898 2171 968 2217 cum
982 2171 1055 2218 con-

86 2239 214 2317 sedisset,
229 2243 433 2316 speculatum,
448 2242 479 2301 in
494 2257 555 2317 qua
568 2248 657 2318 parte
667 2241 845 2304 Thessaliae
858 2239 957 2302 hostis
972 2250 1058 2302 esset

85 2323 188 2396 quidve
201 2333 336 2400 pararet,
349 2326 439 2387 misit.
462 2325 545 2387 circa
556 2326 693 2387 Larisam
708 2333 774 2386 erat
787 2341 852 2385 rex.
875 2325 987 2386 certior
996 2325 1056 2385 iam

84 2406 171 2468 lactus
181 2408 356 2471 Romanum
370 2411 409 2470 ab
417 2409 529 2472 Thebis
541 2410 656 2472 Pheras
667 2411 812 2484 movisse,
828 2409 953 2485 defungi
965 2424 1056 2484 quam

84 2490 202 2564 primurn
216 2493 332 2570 etipse
347 2494 510 2554 certamine
525 2495 654 2568 cupiens
670 2495 784 2556 ducere
799 2493 839 2554 ad
852 2493 971 2554 hostem
985 2507 1055 2566 per·

81 2574 133 2648 git,
154 2583 184 2637 et
204 2585 350 2654 quattuor
370 2577 452 2637 milia
473 2579 538 2638 iere
557 2577 694 2637 alboris
715 2577 820 2653 posuit
839 2582 950 2636 castra.
984 2575 1056 2634 inde

82 2667 199 2730 postero
222 2663 273 2722 dio
289 2677 358 2722 cum
374 2660 509 2736 expediti
523 2661 676 2738 utrimque
690 2662 730 2720 ad
745 2659 945 2736 occupandos
962 2671 1057 2733 super

81 2741 179 2803 urbem
203 2747 340 2806 tumulos
366 2744 607 2822 processissent,
633 2744 699 2819 pari
721 2743 816 2804 senne
835 2743 993 2804 intervallo
1016 2742 1054 2802 ab

81 2822 144 2900 iugo
160 2828 246 2904 quod
260 2828 446 2904 capiendum
460 2835 535 2903 erat,
550 2843 620 2889 cum
631 2827 709 2888 inter
722 2844 758 2889 se
770 2828 929 2902 conspecti
940 2834 1054 2899 essent,

80 2911 290 2986 constiterunt,
313 2913 436 2974 nuntios
456 2912 487 2972 in
510 2918 613 2973 castra
632 2913 796 2986 remissos,
815 2912 868 2988 qui
890 2911 964 2987 quid
986 2910 1054 2985 sibi,

81 2995 218 3066 quoniam
233 3002 354 3072 praeter
366 3011 454 3072 spem
465 2995 563 3057 hostis
576 2996 771 3069 occurrisset,
788 2995 961 3056 laciendum
972 3003 1056 3061 esset

80 3079 286 3154 consulerent,
309 3080 403 3156 quieti
418 3079 625 3156 opperientes.
657 3086 688 3141 et
701 3081 752 3141 illo
768 3079 892 3156 quidem
907 3080 957 3139 die
971 3079 1054 3139 nullo

79 3155 147 3222 inito
168 3163 334 3224 certamine
347 3165 378 3224 in
394 3171 495 3225 castra
507 3164 643 3226 revocati
662 3171 748 3226 sunt:
771 3170 897 3239 postero
909 3162 960 3222 die
975 3162 1056 3220 circa

79 3244 202 3306 eosdem
215 3249 350 3309 tumulos
366 3253 509 3324 equestre
523 3248 671 3323 praelium
685 3249 750 3321 linit,
761 3246 800 3308 'in
816 3263 877 3323 quo
892 3260 954 3305 non
969 3243 1054 3304 mini-

80 3340 155 3388 mum
168 3332 348 3394 Aetolorum
370 3345 467 3408 opera
485 3332 561 3406 regii
581 3331 676 3406 fugati
698 3339 790 3407 atque
810 3331 840 3390 in
857 3335 958 3389 castra
972 3341 1055 3388 com-

80 3412 156 3483 pulsi
166 3421 247 3476 sunt.
262 3431 405 3492 magnum
416 3413 555 3493 utrisque
566 3413 817 3491 impedimentrnn
824 3412 863 3472 ad
870 3426 935 3472 rem
947 3425 1056 3486 geren·
