2480 3904
172 197 232 260 268
327 197 443 258 LIBER
456 197 603 258 xxxvll.
627 196 709 256 CAP.
725 203 751 258 9.
765 203 807 256 10.
830 202 867 268 [a.
880 200 915 255 U.
927 217 951 253 c.
964 201 1024 270 562]

168 353 246 413 intra
272 366 389 427 paucos
412 350 479 410 dies
499 355 684 408 averterunt
717 348 767 408 lx.
793 348 873 408 inter
893 347 970 408 haee
989 345 1146 408 Phocaeae

168 436 278 498 seditio
295 441 361 495 orta
375 431 557 508 quibusdam
574 431 614 491 ad
623 429 809 491 Antiochum
819 429 1018 492 multitudinis
1029 431 1145 492 animos

168 517 377 582 avocantibus.
410 515 515 590 gravia
534 514 664 574 hiberna
683 513 806 574 navium
823 523 925 586 erant,
947 529 1041 588 grave
1055 514 1145 574 tribu·

166 611 246 676 tum,
269 601 353 676 quod
373 608 464 674 togae
486 599 670 672 quingentae
689 595 857 672 imperatae
877 603 964 658 erant
977 613 1047 658 cum
1064 599 1146 672 quin·

167 685 266 762 gentis
280 683 406 753 tunicis;
421 681 525 757 gravis
536 681 628 742 etiarn
639 680 745 755 inopia
755 682 904 754 frumenti,
918 688 1147 756 propterquam

166 784 262 830 naves
275 781 399 842 quoque
409 771 440 826 et
451 763 640 840 praesidium
650 765 822 825 Romanum
833 765 977 825 excessit.
999 771 1066 824 turn
1075 779 1146 824 vero

165 852 292 914 liberata
312 855 393 910 metu
415 848 506 910 iaetio
521 853 602 922 erat,
625 863 704 922 quae
718 847 839 922 plebem
854 847 884 907 in
900 846 1098 910 contionibus
1111 849 1148 907 ad

166 933 349 994 Antiochum
364 930 519 994 trahebat:
542 938 666 992 senatus
683 938 713 992 et
727 931 889 1005 optimates
903 930 935 992 iu
946 932 1090 992 Romana
1101 947 1148 992 so·

169 1018 277 1078 cietate
299 1015 498 1091 perstandum
520 1015 701 1086 censebant,
724 1013 905 1076 deiectionis
920 1021 1066 1076 auctores
1082 1017 1148 1090 plus

167 1100 248 1178 apud
264 1098 485 1160 multitudinem
499 1101 668 1160 valuerunt.
703 1097 831 1171 Rhodii,
854 1115 915 1174 quo
930 1099 1029 1174 magis
1046 1113 1138 1158 cessa

166 1191 229 1246 turn
251 1185 354 1259 priore
374 1189 490 1244 aestate
510 1189 590 1256 erat,
612 1196 650 1242 eo
671 1182 819 1240 maturius
839 1181 1036 1257 aequinoctio
1054 1198 1148 1242 veruo

166 1267 298 1328 eundem
312 1266 531 1327 Pausistratum
551 1265 661 1325 elassis
682 1265 871 1339 praelectum
892 1281 961 1326 eum
981 1281 1041 1350 sex
1056 1272 1088 1325 et
1101 1267 1149 1326 tri-

167 1351 252 1425 ginta
271 1349 400 1410 navibus
422 1350 578 1410 miserunt.
613 1349 673 1408 iam
687 1347 790 1408 Livius
805 1363 824 1407 a
839 1347 929 1409 Oanis
945 1364 1013 1410 cum
1028 1349 1150 1424 triginta

166 1433 296 1494 navibus
317 1440 346 1493 et
361 1439 478 1506 septem
501 1430 759 1506 quadriremibus,
782 1447 860 1506 quas
875 1447 981 1493 seeum
994 1433 1151 1494 Eumenes

165 1531 222 1576 rex
237 1515 415 1586 adduxerat,
428 1515 660 1588 Hellespontum
676 1515 807 1590 petebat,
823 1521 857 1574 ut
870 1515 910 1575 ad
920 1515 1086 1576 transitum
1099 1533 1150 1576 ex·

166 1599 294 1670 ercitus,
322 1613 412 1673 quem
437 1605 519 1657 terra
542 1603 703 1657 venturum
730 1598 926 1673 opinabatur,
952 1607 1151 1674 praepararet

167 1695 247 1757 quae
262 1696 342 1755 opus
358 1687 471 1740 essent.
505 1681 534 1740 in
551 1686 688 1756 portum,
712 1697 803 1755 quem
816 1691 929 1742 vocant
941 1680 1149 1756 Achaeorum,

167 1765 298 1826 classem
313 1763 442 1839 primurn
457 1762 602 1824 advertit=
624 1764 696 1824 inde
710 1765 796 1824 llium
812 1765 963 1839 escendit,
980 1766 1150 1827 sacrificio·

168 1862 228 1924 que
248 1845 404 1908 Minervae
428 1848 508 1908 lacto
533 1849 702 1923 legationes
723 1847 866 1909 finitimas
889 1847 928 1908 ab
949 1847 1103 1910 Elaeunte
1123 1855 1151 1908 et

165 1929 308 1993 Dardano
323 1937 353 1991 et
365 1931 519 2004 Rhoeteo,
536 1931 683 1992 tradentis
698 1931 728 1990 in
743 1931 836 1992 iidem
851 1933 981 1992 civitatis
995 1948 1085 2006 suas,
1100 1933 1150 1994 be-

167 2015 258 2091 nigne
272 2015 401 2076 audivitr
424 2015 496 2074 inde
511 2015 550 2074 ad
563 2014 753 2089 Hellesponti
770 2017 875 2076 lauces
889 2015 1028 2092 navigat,
1053 2023 1084 2076 et
1099 2015 1149 2076 de-

167 2113 232 2158 cern
257 2098 387 2158 navibus
413 2097 444 2156 in
465 2097 595 2157 statione
617 2104 724 2158 eontra
743 2098 889 2176 Abydum
909 2099 1025 2160 relictis
1048 2107 1150 2160 cetera

166 2182 267 2240 classe
281 2181 311 2239 in
324 2180 479 2254 Europam
494 2180 533 2238 ad
545 2178 667 2240 Sestum
685 2183 925 2256 oppugnandam
938 2181 1066 2244 uaieolt.
1091 2185 1148 2242 iam

165 2261 366 2323 subeuntibus
382 2261 505 2322 armatis
519 2277 624 2326 muros
640 2265 761 2324 fanatici
775 2266 850 2326 Galli
862 2267 993 2340 primum
1005 2280 1076 2326 curn
1089 2267 1150 2326 sol-

164 2344 256 2404 lemni
270 2343 375 2406 habitu
389 2353 459 2406 ante
473 2353 591 2420 portam
605 2354 776 2422 uecturunt,
791 2349 880 2410 iussu
891 2363 927 2410 se
938 2349 1045 2410 matris
1058 2351 1150 2410 deum

165 2428 296 2490 tarnulos
312 2428 389 2490 deae
403 2429 510 2490 venire
523 2439 693 2492 memorant
706 2433 746 2492 ad
761 2432 949 2507 precandum
963 2433 1148 2506 Romanum,

163 2520 197 2574 ut
211 2520 351 2589 parceret
365 2515 526 2575 moenibus
540 2515 679 2590 urbique.
715 2531 804 2576 nemo
820 2531 926 2577 eorum
942 2516 1074 2578 violatus
1091 2528 1148 2576 cst

164 2612 237 2658 mox
256 2597 420 2658 universus
442 2603 567 2658 senatus
590 2614 658 2658 cuni
673 2599 900 2674 magistratibus
915 2601 955 2660 ad
970 2599 1148 2661 dedendam

163 2681 270 2740 urbem
286 2682 447 2754 processit.
469 2680 541 2742 iude
555 2682 699 2758 Abydum
715 2683 842 2745 traiecta
856 2683 975 2744 classis.
1007 2683 1062 2744 ubi
1078 2699 1148 2744 enm

163 2763 316 2836 temptatis
333 2779 390 2836 per
406 2765 560 2838 colloquia
575 2765 682 2826 animis
698 2765 768 2826 nihil
781 2766 881 2841 pacati
892 2767 1146 2841 responderetur,

164 2846 204 2905 ad
218 2845 478 2919 oppugnationem
492 2861 565 2907 sese
579 2847 792 2922 expediebant.

245 2927 281 2988 X.
310 2928 387 2988 Dum
401 2927 478 2989 haee
492 2930 523 2989 in
537 2930 736 3006 Hellesponto
751 2940 912 3008 geruntur,
933 2931 1146 3010 Polyxenidas

142 3059 143 3068 ,
162 3007 265 3084 regius
290 3011 466 3086 praelectus
480 3045 523 3060 -
537 3019 603 3073 erat
626 3021 726 3075 autern
752 3017 841 3076 exsul
860 3015 1001 3077 Rhodius
1014 3047 1061 3061 -
1077 3031 1145 3076 eum

163 3091 301 3154 audisset
313 3095 482 3170 proiectam
497 3096 536 3158 ab
548 3098 639 3158 domo
655 3099 848 3173 popularium
862 3114 988 3160 suorum
1000 3099 1144 3170 classem,

162 3181 193 3236 et
205 3175 423 3240 Pausistratum
444 3181 631 3256 praelectum
647 3181 781 3256 superbe
797 3181 949 3258 quaedam
963 3189 994 3242 et
1008 3189 1144 3243 oontem-

164 3259 236 3332 plim
261 3262 348 3324 inse
373 3263 596 3324 contionantem
621 3264 754 3338 dixisse,
781 3266 950 3340 praecipuo
979 3263 1144 3326 certamine

161 3341 251 3403 animi
276 3345 426 3407 adversus
448 3361 518 3407 eum
539 3355 662 3422 sumpto
683 3347 755 3408 nihil
776 3349 860 3409 aliud
881 3348 948 3408 dies
971 3353 1143 3424 noctesque

160 3423 293 3491 agitabat
306 3428 417 3504 animo,
438 3445 530 3505 quam
544 3437 578 3490 ut
592 3431 686 3491 verba
701 3431 864 3506 magnilica
879 3431 945 3492 eius
960 3432 1055 3494 rebus
1071 3447 1142 3493 oon·
