2506 3898
242 193 357 253 LIBER
371 192 519 254 XXXVII.
543 194 626 252 CAP.
638 201 682 254 23.
693 202 737 255 24.
760 205 796 272 [a.
810 201 842 252 C.
859 197 918 274 190]
1003 195 1064 260 281

85 351 232 420 quattuor
250 342 389 402 triremes
410 343 513 412 luere;
536 343 621 417 regia
636 344 747 404 classis
769 353 886 421 septem
901 355 932 407 et
944 348 1066 422 triginta

85 426 210 487 maioris
224 426 338 485 lonnae
349 426 471 486 navium
482 432 554 499 erat,
569 425 724 501 inquibus
738 435 799 488 tres
810 428 961 504 hepteres,
979 438 1065 506 quat-

85 517 155 570 tuor
168 509 299 569 hexeres
313 507 454 568 habebat.
488 516 609 583 practer
622 509 680 570 has
695 511 801 571 decem
816 513 953 574 triremes
969 521 1065 574 erant.

83 592 161 654 ethi
177 593 290 652 adesse
309 589 406 652 hostis
422 606 462 650 ex
476 593 604 666 specula
619 594 752 668 quadam
767 610 949 669 cognovere.
984 604 1065 658 utra·

85 692 149 752 que
170 675 280 736 classis
295 682 422 750 postero
441 676 490 734 die
504 677 573 736 luce
589 676 700 752 prima,
722 684 875 753 tamquam
891 693 928 740 eo
944 681 994 740 die
1009 697 1065 756 pu·

82 766 229 834 gnatura,
252 765 374 832 eportu
393 759 501 828 movit;
525 767 555 819 et
574 767 737 835 postquam
753 777 939 836 superavere
953 763 1065 825 Rhodii

83 843 335 918 promunturium,
352 842 435 916 quod
449 841 488 902 ab
500 840 574 902 Sida
590 844 740 918 prominet
754 843 784 904 in
794 845 895 920 altum,
910 849 1064 923 extemplo

81 935 115 987 et
129 925 288 1000 conspecti
303 923 341 984 ab
356 925 497 986 hostibus
512 933 584 986 sunt
597 932 628 986 et
641 926 702 1001 ipsi
717 942 771 987 eos
787 928 936 989 viderunt
964 931 1003 991 ab
1017 947 1064 991 rc·

82 1010 145 1085 giis,
160 1008 284 1070 sinistro
300 1024 403 1082 cornu,
423 1009 507 1084 quod
521 1009 560 1070 ab
575 1011 635 1070 allo
652 1009 802 1070 obiectum
817 1019 891 1086 erat,
904 1012 1065 1088 Hannibal,

82 1095 195 1154 dextro
216 1093 400 1168 apollonius
422 1099 658 1168 purpuratorum
678 1110 758 1153 unus
779 1103 935 1169 praeemit
956 1103 987 1156 et
1005 1098 1065 1157 iam

81 1179 112 1236 in
130 1178 260 1238 frontem
276 1177 408 1237 directas
423 1175 577 1236 habebant
591 1192 697 1236 naves.
717 1175 828 1238 Rhodii
840 1178 932 1252 longo
945 1179 1066 1254 agmine

82 1259 259 1320 veniebant.
293 1259 390 1334 prima
413 1261 566 1342 praetoria
587 1261 675 1320 navis
689 1261 820 1320 Eudami
834 1269 915 1332 erat;
936 1264 1065 1338 cogebat

81 1361 195 1420 agmen
217 1344 408 1413 Chariclitum
436 1343 642 1418 Pamphilidas
662 1344 782 1405 mediae
802 1345 895 1406 classi
917 1354 1065 1421 praeerat

80 1429 242 1488 Eudamus
258 1435 421 1502 postquam
435 1427 568 1488 hostium
583 1429 678 1488 aciem
693 1429 870 1489 instructam
885 1437 916 1489 et
930 1438 1065 1506 paratam

81 1513 125 1572 ad
142 1511 384 1573 concurrendum
398 1510 483 1583 vidit,
499 1517 530 1572 et
544 1512 611 1586 ipse
626 1512 655 1570 in
670 1511 762 1573 altum
777 1511 923 1586 evehitur,
940 1520 970 1574 et
981 1513 1065 1574 dein·

82 1610 161 1672 ceps
182 1611 261 1670 quae
283 1595 490 1670 sequebantur
505 1602 665 1656 servantes
679 1596 817 1656 ordinem
831 1597 860 1656 ln
877 1598 1006 1658 ironlcm
1021 1598 1065 1657 di·

80 1681 186 1754 rigere
205 1679 297 1739 iubet.
331 1693 368 1738 ea
381 1693 432 1738 res
451 1680 550 1753 primo
571 1682 727 1740 tumultum
747 1678 901 1755 praebuit:
923 1697 993 1741 nam
1007 1698 1066 1742 nec

82 1765 131 1823 sic
147 1763 177 1820 in
193 1763 284 1822 altum
306 1769 432 1822 evectus
448 1769 513 1822 erat
526 1770 559 1822 ut
574 1764 650 1824 ordo
666 1763 799 1824 omnium
815 1765 937 1825 navium
952 1766 992 1826 ad
1006 1773 1065 1826 ter-

82 1861 160 1907 ram.
172 1843 320 1922 explicari
334 1851 458 1921 posset,
480 1852 511 1906 et
525 1845 673 1907 testinans
689 1847 757 1921 ipse
772 1862 982 1923 praepropere
998 1865 1065 1909 cum

83 1928 223 2006 quinque
244 1930 319 1990 solis
339 1928 469 1989 navibus
484 1929 645 1990 Hannibali
666 1930 811 2003 occurrit,
834 1932 926 1990 ceteri
949 1931 1021 2006 quia
1035 1933 1066 1992 in

83 2015 217 2074 lrontem
237 2013 369 2088 dirigere
386 2013 464 2073 iussi
478 2021 577 2084 erant,
599 2030 661 2074 non
676 2013 894 2090 sequebantur.
929 2022 1065 2075 extremo

82 2098 198 2172 agmini
220 2099 278 2158 loci
293 2097 368 2164 nihil
382 2098 422 2158 ad
437 2103 549 2158 terram
563 2097 658 2159 relicti
672 2104 754 2167 erat;
780 2098 1066 2174 trepidantibusque

82 2181 134 2241 his
155 2181 234 2241 inter
254 2196 288 2241 se
310 2181 368 2240 iam
389 2181 419 2240 in
440 2182 548 2243 dextro
574 2198 670 2243 cornu
694 2182 846 2242 adversus
866 2181 1066 2242 Hannibalem

83 2265 288 2339 pugnabatur.
322 2264 428 2325 XXIV.
457 2267 514 2326 sed
539 2273 692 2327 momento
718 2265 866 2342 temporis
892 2270 922 2324 ct
943 2268 1067 2326 navium

82 2349 182 2410 virtus
208 2355 238 2408 et
261 2364 338 2410 usus
363 2348 409 2408 rei
433 2349 600 2409 maritimae
624 2357 772 2411 terrorem
797 2365 917 2410 omnem
937 2349 1066 2410 Rhodiis

83 2431 229 2508 dempsit
261 2449 331 2492 nam
352 2440 382 2493 et
396 2433 426 2491 in
448 2434 542 2492 altum
562 2433 700 2492 celeriter
714 2439 841 2492 evectae
855 2447 951 2490 naves
966 2434 1067 2492 locum

83 2523 158 2591 post
173 2531 208 2576 se
223 2531 364 2592 quaeque
380 2516 513 2589 venieqti
527 2516 566 2574 ad
581 2523 691 2575 terram
702 2515 826 2588 dedere,
842 2513 909 2574 etsi
921 2529 982 2588 qua
994 2530 1067 2574 con·

84 2606 223 2660 currerat
236 2605 337 2661 rostro
353 2616 422 2660 cum
436 2600 679 2669 hostiumnave,
702 2605 754 2658 aut
768 2613 890 2672 proram
905 2597 1067 2670 lacerabat,

84 2690 138 2743 aut
158 2699 261 2744 rennos
283 2684 476 2759 detergebat,
498 2689 550 2743 aut
569 2681 665 2742 libero
685 2682 764 2742 inter
786 2681 909 2741 ordines
925 2680 1067 2740 discursu

85 2772 298 2840 praetervecta
317 2769 345 2827 in
364 2769 495 2843 puppim
515 2766 660 2842 impetum
682 2765 783 2825 dabat.
816 2762 949 2824 maxime
969 2771 1067 2824 exter-

84 2852 144 2911 ruit
164 2848 299 2925 hepteris
320 2850 405 2926 regia
420 2852 545 2911 amulio
566 2850 686 2911 minore
699 2848 821 2909 Rhodia
835 2862 914 2909 nave
927 2864 989 2909 uno
1004 2849 1067 2909 ictu

84 2933 238 2993 demersa.
271 2934 376 3009 itaque
391 2935 449 2994 iam
463 2934 546 2994 haud
561 2934 654 2994 dubie
669 2934 809 2994 dextrum
825 2949 920 2994 cornu
933 2932 1068 2993 hostium

85 3016 113 3074 in
131 3018 236 3091 lugam
251 3018 423 3078 inclinabat.
442 3019 612 3078 Eudamum
625 3017 657 3077 in
671 3019 732 3078 alto
744 3017 934 3078 multitudine
945 3017 1067 3076 navium

85 3101 218 3160 maxime
228 3100 389 3176 Hannibal,
405 3101 513 3161 ceteris
530 3102 672 3162 omnibus
682 3103 775 3176 longe·
789 3107 1003 3176 praestantem,
1017 3116 1067 3158 ur-

85 3182 193 3256 gebaa
216 3191 246 3244 et
265 3186 531 3257 circumvenisset,
552 3186 583 3244 ni
605 3187 694 3260 signo
716 3184 836 3246 sublato
858 3200 897 3243 ex
914 3183 1069 3258 praetoria

86 3282 180 3340 nave,
203 3285 265 3343 quo
287 3269 459 3344 dispersam
480 3269 612 3328 classem
631 3270 663 3328 ln
681 3285 775 3330 unum
795 3267 896 3340 colligi
911 3281 978 3325 mos
994 3273 1067 3352 erat,

89 3365 195 3411 omnes
218 3352 342 3427 quaein
364 3352 471 3413 dextro
487 3366 583 3414 cornu
602 3353 738 3412 vicerant
753 3366 848 3410 naves
864 3349 903 3409 ad
919 3363 1009 3422 opem
1024 3349 1067 3406 le-

86 3434 214 3496 rendam
241 3437 305 3496 suis
331 3436 569 3498 concurrissent.
606 3443 668 3495 tum
694 3442 725 3495 ct
747 3433 898 3494 Hannibal
925 3445 1067 3508 quaeque
