2482 3900
201 215 442 276 ursusxxxu.
469 216 552 276 cue.
569 225 722 278 neom.
747 177 903 290 'recreet
997 219 1040 282 oe

83 377 217 444 optarent,
239 370 312 429 satis
329 369 498 430 constabat.
533 369 571 428 ad
587 361 726 430 homin'es
741 371 783 430 ita
796 371 931 431 incertos
946 371 1041 434 intro-

82 455 165 513 ductis
178 454 280 528 legetis
291 459 430 528 potestus
444 453 565 512 dicendi
577 455 656 512 tacta
668 461 723 513 cst.
739 455 898 515 Romanus
909 456 1042 531 primum

81 540 181 612 tegetes
194 537 226 596 L.
241 537 431 612 Calpurnius,
448 537 560 597 deinde
574 538 667 597 Attati
681 538 763 612 regis
778 540 878 613 legati,
898 548 971 614 post
986 557 1042 602 eos

80 621 173 681 Rhodii
190 623 414 691 disseruerunt;
437 621 568 696 Philippi
589 621 702 682 deinde
717 622 825 698 legatis
843 629 981 698 potestas
998 623 1041 685 di-

81 705 154 764 cendi
167 706 242 766 tacta
257 713 320 775 est;
345 705 491 780 postremi
506 705 727 780 Athenienses,
743 713 778 767 ut
790 707 965 768 refellerent
978 708 1043 769 Ma-

81 791 210 849 cedonum
225 791 319 863 dieta,
334 789 429 850 auditi
444 796 524 850 sunt.
562 791 582 849 ii
597 791 662 849 tere
677 791 868 852 atrocissime
882 792 914 851 in
927 808 1043 868 regern,

81 874 139 947 quia
155 875 223 934 nutti
243 889 302 934 nec
322 876 412 948 plura
433 889 490 934 nec
505 881 566 934 tarn
580 874 693 933 acerba
706 875 793 950 passi
808 883 907 947 erant,
932 877 1041 944 invecti

80 964 144 1016 sunt.
170 964 198 1016 et
211 958 261 1018 itta
284 958 408 1034 quidem
423 959 525 1019 contio
541 958 599 1018 sub
615 973 761 1018 occasum
776 960 852 1020 sotis
868 966 912 1020 tot
926 963 1042 1036 legato-

80 1057 134 1099 rum
159 1044 311 1116 perpetuis
339 1041 529 1104 orattontuus
560 1041 610 1101 die
634 1041 797 1116 absumpto
828 1045 957 1105 dimissa
984 1051 1043 1106 est

79 1124 128 1184 XX.
147 1132 268 1200 postero
284 1127 334 1186 die
348 1127 517 1187 advocatur
532 1119 710 1195 concilium3
732 1127 785 1186 ubi
800 1141 869 1186 curn
885 1143 941 1202 per
954 1145 1043 1203 prae·

81 1225 184 1284 eonem,
204 1211 285 1271 sicut
300 1211 425 1271 Gmeeis
446 1227 515 1271 mos
537 1217 599 1283 est,
615 1209 792 1281 suadendi,
815 1211 842 1270 si
858 1212 927 1285 quis
942 1214 1043 1284 vellet,

79 1300 196 1366 potestas
211 1312 230 1354 a
243 1295 472 1370 magistratibus
494 1296 576 1354 iacta
596 1299 694 1367 esset,
716 1309 774 1353 nee
792 1294 957 1370 quisquam
973 1311 1041 1370 pro-

79 1378 152 1452 diret,
171 1379 221 1439 diu
236 1379 390 1439 silentium
412 1380 541 1439 aliorum
556 1379 634 1437 alios
649 1378 827 1438 intuentium
842 1379 907 1438 tuit.
940 1395 1044 1454 neque

79 1461 183 1536 mirum,
203 1463 244 1537 si,
267 1464 380 1538 quibus
402 1479 460 1523 sua
480 1469 592 1538 sponte
612 1461 819 1522 volutantibus
843 1477 895 1522 res
917 1463 995 1524 inter
1009 1478 1045 1524 se

77 1553 264 1621 repugnantes
283 1549 504 1622 obtorpuerant
518 1547 653 1623 quodam
667 1547 760 1607 modo
776 1547 882 1622 enimi,
905 1563 960 1607 eos
976 1564 1043 1608 ora·

78 1629 159 1690 tiones
180 1647 305 1706 quoquo
326 1632 455 1706 insuper
468 1631 679 1703 tentaverunt,
701 1631 853 1707 utrimque
869 1648 949 1707 quae
964 1633 1043 1692 dttn-

78 1713 133 1773 titia
151 1724 267 1790 essent,
296 1716 467 1790 promendo
494 1715 753 1790 admonendoque
778 1731 834 1790 per
855 1721 951 1777 totum
964 1717 1043 1776 diem

76 1795 187 1858 habitae.
209 1801 333 1860 tandem
347 1800 533 1860 Aristaenus
548 1805 671 1874 praetor
685 1799 895 1872 Achaeorum,
917 1817 956 1860 ne
970 1801 1043 1860 taci-

77 1886 126 1939 tum
138 1885 297 1944 concilium
313 1885 482 1958 dimitteret,
499 1883 589 1957 „ubi“
605 1883 702 1956 inquit
715 1884 787 1957 „illa
801 1885 967 1944 certamina
980 1886 1041 1944 ani·

77 1979 184 2041 nonen,
198 1968 327 2041 Achaei,
343 1976 427 2043 sunt,
445 1969 555 2044 quibus
572 1969 602 2026 in
618 1967 766 2026 conviviis
782 1974 812 2026 et
827 1968 958 2037 circulis,
976 1983 1043 2031 cunt

77 2047 247 2128 dePhitippo
271 2059 302 2112 et
314 2054 461 2113 Romanis
476 2053 589 2112 mentio
604 2051 723 2125 incidit,
745 2052 799 2110 uix
813 2052 954 2111 manibus
969 2059 1042 2111 tem·

77 2135 194 2205 peratist
217 2152 302 2197 nunc
320 2137 349 2196 in
369 2137 499 2198 concilia
514 2137 555 2197 ad
569 2152 636 2196 eain
650 2151 715 2194 rem
729 2152 821 2196 unam
836 2136 960 2209 indicto,
976 2151 1044 2196 cum

76 2215 225 2290 iegaterum
241 2221 396 2296 utrimque
410 2221 507 2280 verba
521 2220 694 2292 audieritis,
718 2235 787 2282 cum
801 2221 937 2282 referent
950 2221 1044 2294 magi·

75 2307 187 2378 stratus,
210 2321 283 2366 enm
308 2321 420 2380 praeeo
442 2306 483 2365 ad
498 2305 692 2387 suadendum
706 2309 812 2379 vocet,
835 2305 1045 2366 obmutuistis!

77 2385 96 2442 si
108 2403 162 2446 uon
178 2404 253 2450 cura
267 2389 375 2450 salutis
392 2391 577 2462 communis,
598 2402 639 2448 ne
654 2390 755 2449 studia
770 2389 903 2462 quidem,
920 2389 1046 2464 quaein

76 2465 140 2531 hane
151 2474 242 2534 autin
255 2474 337 2534 illam
349 2481 466 2548 partem
474 2475 593 2534 enimus
602 2479 726 2533 vestros
737 2472 929 2546 inclinarunt,
936 2487 1046 2532 vocem

77 2554 203 2630 cuiquam
225 2564 361 2634 possunt
380 2559 574 2634 exprimeret
601 2573 670 2616 eum
686 2556 865 2632 praesertim
879 2571 969 2615 nemo
985 2561 1045 2614 tam

75 2633 156 2700 hebes
175 2643 229 2717 sit,
252 2644 306 2718 qui
326 2644 468 2718 ignorare
490 2641 591 2717 possit
605 2639 726 2700 dicendi
742 2655 778 2698 ac
794 2639 945 2698 suadendi
962 2637 1046 2712 quod

76 2723 193 2800 quisque
219 2733 274 2787 aut
298 2727 372 2786 vetit
396 2733 449 2788 aut
473 2727 620 2802 optimum
642 2729 727 2798 putet
746 2737 829 2782 nuuc
850 2723 1046 2783 occasionem

77 2818 143 2881 esse,
157 2810 339 2887 priusquam
355 2813 520 2887 quicquam
532 2810 748 2870 decernamus=
769 2807 822 2867 ubi
835 2809 929 2868 semet
941 2808 1046 2868 decre·

76 2892 211 2966 tumente,
236 2895 380 2956 omnibus
395 2896 441 2969 id,
458 2895 547 2956 etium
563 2893 676 2968 quibus
689 2898 759 2952 ante
775 2892 972 2968 displicuerit,
988 2907 1046 2968 pro

76 2970 147 3034 bona
155 2985 250 3054 atque
260 2980 325 3040 utili
337 2981 404 3040 tore
416 2979 674 3039 defendendum.“
688 2977 945 3038 haeoadhortatio
958 2992 1045 3053 prae·

76 3060 139 3120 toris
160 3078 223 3124 non
242 3067 340 3126 modo
360 3077 545 3140 quemquam
562 3078 656 3124 unum
672 3062 775 3122 elicuit
789 3061 829 3121 ad
843 3061 1046 3132 suadendum,
1132 3103 1135 3110 -

76 3143 172 3206 sedne
187 3147 337 3210 fremitmn
357 3148 480 3225 quidem
498 3153 550 3208 eut
569 3163 704 3208 murnmr
726 3145 877 3206 contionis
891 3152 993 3205 tantae
1007 3159 1047 3202 ex

76 3229 459 3310 totpeputiseongrepetae
469 3233 572 3292 mouit.
592 3232 669 3292 xxt.
692 3239 755 3292 tum
765 3229 947 3291 Aristaenus
959 3241 1046 3302 prae

74 3315 113 3370 ior
125 3329 233 3376 trusus
248 3335 330 3391 „non
341 3318 438 3393 tnagis
452 3317 612 3377 consitium
623 3315 722 3390 vobis,
738 3314 894 3390 principes
906 3310 1046 3371 Achaeo-

76 3409 146 3472 tum,
170 3401 259 3462 deest
283 3417 375 3478 quam
400 3401 519 3476 linguan
549 3401 606 3461 scd
626 3415 684 3460 suo
706 3399 836 3474 quisque
859 3394 995 3469 periculo
1017 3393 1047 3454 in

75 3493 228 3545 commutire
243 3488 414 3548 consultum
429 3501 491 3548 nen
507 3485 580 3546 vult.
610 3483 736 3544 forsitan
752 3495 810 3554 ego
827 3494 952 3554 quoque
965 3484 1046 3538 tace·
