2506 3898
224 207 339 268 tibuit
353 207 513 267 xxxvttt.
537 207 619 267 cal.
635 215 732 271 auso.
757 215 792 282 [a.
806 215 912 284 cneo]
1000 207 1064 276 345

76 375 161 422 nune
184 357 212 418 in
235 374 331 435 opera
349 357 484 424 hostium
505 375 586 422 uuae
600 357 631 420 in
647 358 807 421 stationes.
836 363 1062 438 etplerumque

77 445 125 511 bis
140 442 269 519 proeliis
291 441 470 518 superiores
484 450 580 506 mont.
602 458 664 504 una
677 444 716 503 aal
732 445 924 505 eoomoudos
938 443 1064 508 inventa
1152 505 1155 512 .

75 523 161 594 imao
176 542 288 603 tobguo
301 533 536 593 memoraturus
550 534 607 590 est
630 533 753 588 eentum
767 525 938 589 mndiboras
950 527 988 588 ab
999 531 1063 591 Ae·

76 607 538 690 gibetl’atrisetllymisaeoiti.
551 610 1063 688 apuerisiimorequodampentis
1144 633 1145 636 ¹
1239 681 1240 706 2

76 695 166 760 saxis
176 693 326 772 globosis,
343 694 455 770 quibus
470 697 565 760 terme
579 710 691 756 ambae
709 693 854 757 immixtis
867 702 963 757 stratu
973 695 1062 758 litora

77 777 274 853 suntxstuuda
288 794 372 841 mara
384 784 523 854 apulum
537 777 729 842 trabentes
743 779 975 842 exercebantur.
1006 780 1060 841 ita·

77 879 142 940 quo
166 860 290 938 lougius
315 861 491 938 seruosque
515 869 546 926 et
565 861 715 924 nobiliore
736 862 797 924 latu
818 879 911 940 quam
930 863 1061 926 Baliaris

75 946 216 1014 funditor
230 961 268 1010 eo
282 948 342 1010 telo
357 944 406 1008 usi
421 953 501 1026 sunt
522 953 554 1009 et
566 954 615 1008 eat
629 961 691 1006 non
703 945 852 1022 simplicis
862 945 1010 1024 habenae,
1028 957 1061 1010 ut

75 1028 435 1105 saluberrimumque
455 1029 591 1105 amium
605 1030 715 1104 lunda,
737 1031 794 1094 sed
810 1028 921 1105 triplex
934 1035 1059 1106 scutale,

76 1113 198 1180 crebris
209 1111 323 1177 suturis
335 1113 484 1188 nuatum,
495 1129 535 1174 na
545 1111 632 1174 fluxa
642 1111 763 1173 habena
772 1113 926 1176 volutetur
935 1112 966 1174 in
978 1114 1061 1180 iaetu

76 1201 178 1275 glans,
200 1197 258 1260 sed
271 1196 379 1264 librata
400 1196 617 1269 consederit,
639 1197 723 1258 aaut
745 1212 841 1258 nervo
856 1195 953 1258 missa
967 1213 1060 1260 oxea-

77 1282 182 1352 aaut.
215 1295 347 1348 corones
368 1278 482 1349 modici
500 1279 607 1344 eirouli
628 1295 738 1356 magno
760 1297 800 1342 ex
820 1279 979 1343 intervallo
1001 1280 1062 1344 loci

77 1365 202 1432 adsueti
222 1363 366 1440 baiana,
388 1381 449 1428 non
470 1363 571 1442 eapite
588 1365 688 1427 solum
704 1362 835 1428 bostiam
851 1363 1061 1439 vulnerabant,

78 1451 135 1520 sed
152 1465 244 1526 quem
263 1450 365 1510 laeum
385 1449 592 1512 destinassent
605 1446 678 1510 oris.
712 1464 769 1509 aee
783 1447 897 1509 fundae
911 1447 1061 1510 Samaeos

80 1533 294 1613 cohibuerunt,
309 1549 349 1594 ue
362 1540 424 1598 tam
437 1533 688 1596 ammonariam
700 1533 1060 1609 audacterorumperent

78 1618 160 1684 adeo
175 1625 209 1684 ut
223 1625 421 1693 precarentur
434 1631 474 1680 ox
488 1615 583 1680 muris
594 1616 747 1691 Achaeos,
763 1624 797 1679 ut
811 1632 977 1693 parumper
990 1617 1060 1676 abs-

78 1701 227 1766 cederent
240 1707 271 1762 ot
284 1716 321 1765 se
335 1699 561 1768 mahomerie
576 1700 759 1764 stationibus
781 1699 947 1776 pugnantis
958 1699 1061 1776 quiete

79 1789 268 1861 spectarent,
304 1790 447 1858 quattuor
461 1798 584 1847 meuses
598 1782 790 1844 obsidionem
804 1783 895 1844 Same
909 1782 1063 1845 sustinuit

80 1883 151 1929 oum
167 1883 206 1934 ea
225 1865 335 1943 pausis
350 1865 487 1942 quotidie
501 1865 596 1942 aliqui
610 1881 715 1928 eorum
732 1867 945 1928 raderamnus
959 1867 1062 1926 vulne
1082 1907 1083 1913 κ

77 1958 231 2025 narentur,
249 1957 281 2012 et
294 1948 350 2025 qui
362 1956 559 2025 supererant,
575 1950 652 2012 lessi
666 1958 696 2012 et
710 1949 893 2025 corporibus
909 1956 939 2010 et
953 1949 1063 2010 animis

80 2043 203 2108 assent,
223 2033 354 2100 Romani
374 2039 465 2097 neate
486 2049 542 2110 per
555 2048 657 2097 arcem
672 2050 765 2110 uuam
780 2031 937 2111 Cyatidem
951 2041 1065 2093 vocant

79 2149 122 2165 ψ·
132 2135 204 2186 nam
218 2117 293 2181 urbs
308 2117 337 2178 in
353 2133 437 2182 more
448 2118 568 2186 devexa
578 2116 609 2178 in
622 2117 812 2180 obsidentem
823 2117 1064 2192 vergit-—muro

81 2210 228 2279 superato
253 2202 284 2262 ia
305 2196 403 2267 intubi
430 2207 644 2277 pervenerunt.
680 2199 802 2264 Samaei
826 2207 992 2278 postquam
1013 2217 1063 2260 aa·

81 2296 165 2362 ptam
181 2292 299 2362 partem
312 2286 397 2348 urhis
409 2287 448 2352 ab
458 2285 600 2349 hostibus
612 2292 785 2359 senserunt,
801 2299 869 2345 eum
881 2283 1064 2361 coniugibus

82 2386 122 2454 oo,
133 2369 239 2439 liboris
253 2369 284 2430 iu
299 2369 445 2430 maiorem
458 2371 639 2444 refugerunt
651 2383 763 2430 arcem.
785 2369 857 2429 inde
872 2377 998 2443 postero
1013 2368 1066 2428 dio

83 2453 178 2518 dediti
192 2452 312 2529 direpta
325 2453 403 2517 urbe
414 2452 475 2516 sub
491 2465 607 2517 ebrona
621 2467 728 2514 omues
742 2449 911 2511 venierunt.

164 2537 256 2607 tittx.
278 2535 393 2604 consul
406 2535 587 2613 compositis
600 2535 694 2596 rebus
710 2533 933 2608 cephalleniae,
948 2533 1064 2608 praesi-

83 2621 132 2682 ‹lio
146 2620 260 2688 Samae
272 2620 427 2696 imposita,
441 2621 472 2684 iu
486 2619 733 2696 Peloponnesum
747 2617 806 2676 iam
821 2615 874 2678 diu
884 2617 1066 2676 arcessenti-

82 2704 141 2772 bus
154 2703 364 2782 Aegiensibus
383 2704 516 2768 maximo
535 2720 573 2767 ao
587 2700 837 2764 Lacedaemoniis
858 2697 985 2761 traiecit
1006 2701 1067 2758 Ae·-

83 2785 163 2863 giurn
179 2805 205 2850 a
213 2787 364 2866 prinoipio
376 2787 503 2852 Achaiai
517 2785 640 2852 cenobii
652 2800 776 2862 semper
787 2791 956 2844 conuentus
967 2783 1067 2858 gentis

84 2871 189 2942 iodioti
208 2881 294 2948 suut,
316 2888 374 2934 seu
395 2871 532 2948 dignitati
551 2871 637 2936 urbia
657 2869 689 2932 id
703 2885 760 2931 sau
774 2866 834 2932 ioci
849 2865 1068 2943 opportunitati

86 2955 188 3024 duum
212 2965 267 3021 est.
301 2955 383 3018 huno
403 2971 519 3019 moram
539 2955 757 3032 Philopoemen
777 2967 815 3014 eo
837 2951 966 3028 primum
987 2966 1068 3011 anno

86 3038 270 3108 tabernatam
290 3046 434 3112 conatus,
456 3041 555 3115 legem
577 3039 704 3115 parabat
718 3039 810 3112 ierne,
834 3043 869 3097 ut
881 3035 912 3095 in
927 3034 1068 3096 omnibus

12 3193 14 3196 ¹
87 3121 267 3198 eiulatibus,
283 3139 362 3200 quae
372 3123 502 3190 Achaioi
515 3121 636 3186 aoncilii
650 3128 764 3196 essent,
778 3121 809 3180 in
825 3121 923 3180 vicem
934 3131 1068 3178 eonven-

87 3213 134 3270 tus
155 3213 326 3285 agerentur.
356 3215 386 3269 et
406 3207 463 3270 sub
482 3208 647 3272 adveutum
661 3203 798 3266 amentia
813 3200 979 3276 damiurgis
995 3198 1068 3260 eivi-

87 3290 200 3369 tatium,
218 3293 271 3370 qui
285 3309 423 3360 summus
438 3298 486 3352 est
499 3288 704 3366 magistratus,
718 3287 847 3362 Aegium
859 3282 1067 3354 evooantibus,

88 3371 304 3452 Philopoemen
324 3407 369 3428 ,-
388 3382 510 3450 praetor
530 3380 592 3436 tum
604 3381 679 3434 erat
699 3405 730 3418 -
759 3372 862 3446 Argos
885 3373 1069 3430 conventum

90 3457 190 3522 edixit
207 3476 269 3537 quo
282 3476 350 3522 eum
362 3465 527 3536 appareret
537 3473 643 3518 omues
656 3457 720 3518 iere
732 3458 948 3528 conuenturos,
960 3451 1071 3513 consuo
