<?xml version="1.0" encoding="UTF-8"?>
<!DOCTYPE html PUBLIC "-//W3C//DTD XHTML 1.0 Transitional//EN"
    "http://www.w3.org/TR/xhtml1/DTD/xhtml1-transitional.dtd">
<html xmlns="http://www.w3.org/1999/xhtml" xml:lang="en" lang="en">
 <head>
  <title>
</title>
<meta http-equiv="Content-Type" content="text/html;charset=utf-8" />
  <meta name='ocr-system' content='tesseract 3.04.00' />
  <meta name='ocr-capabilities' content='ocr_page ocr_carea ocr_par ocr_line ocrx_word'/>
</head>
<body>
  <div class='ocr_page' id='page_1' title='image "./titiliviaburbec08livygoog_0232.png"; bbox 0 0 2480 3904; ppageno 0'>
   <div class='ocr_carea' id='block_1_1' title="bbox 268 150 1080 228">
    <p class='ocr_par' dir='ltr' id='par_1_1' title="bbox 268 150 1080 228">
     <span class='ocr_line' id='line_1_1' title="bbox 268 150 1080 228; baseline 0.014 -19"><span class='ocrx_word' id='word_1_1' title='bbox 268 150 384 212; x_wconf 82' lang='lat' dir='ltr'>LIBER</span> <span class='ocrx_word' id='word_1_2' title='bbox 395 151 516 212; x_wconf 89' lang='lat' dir='ltr'>XXXV.</span> <span class='ocrx_word' id='word_1_3' title='bbox 538 151 621 212; x_wconf 84' lang='lat' dir='ltr'><strong>CAP.</strong></span> <span class='ocrx_word' id='word_1_4' title='bbox 631 159 676 214; x_wconf 77' lang='lat'>31.</span> <span class='ocrx_word' id='word_1_5' title='bbox 687 157 732 214; x_wconf 70' lang='lat'>3⁰2.</span> <span class='ocrx_word' id='word_1_6' title='bbox 755 159 791 228; x_wconf 80' lang='lat' dir='ltr'>[e.</span> <span class='ocrx_word' id='word_1_7' title='bbox 804 158 836 212; x_wconf 78' lang='grc'>0.</span> <span class='ocrx_word' id='word_1_8' title='bbox 850 159 912 228; x_wconf 74' lang='lat'>19²]</span> <span class='ocrx_word' id='word_1_9' title='bbox 1019 154 1080 220; x_wconf 75' lang='lat'>203</span> 
     </span>
    </p>
   </div>
   <div class='ocr_carea' id='block_1_2' title="bbox 86 301 1116 3486">
    <p class='ocr_par' dir='ltr' id='par_1_2' title="bbox 86 301 1116 3486">
     <span class='ocr_line' id='line_1_2' title="bbox 95 301 1079 378; baseline 0.001 -16"><span class='ocrx_word' id='word_1_10' title='bbox 95 303 207 370; x_wconf 75' lang='lat' dir='ltr'>toehus</span> <span class='ocrx_word' id='word_1_11' title='bbox 218 310 299 372; x_wconf 73' lang='lat' dir='ltr'>eretz</span> <span class='ocrx_word' id='word_1_12' title='bbox 321 319 359 365; x_wconf 86' lang='lat' dir='ltr'>ar</span> <span class='ocrx_word' id='word_1_13' title='bbox 373 303 680 378; x_wconf 75' lang='lat' dir='ltr'>potestatemtretus</span> <span class='ocrx_word' id='word_1_14' title='bbox 692 303 815 378; x_wconf 75' lang='lat' dir='ltr'>negavit</span> <span class='ocrx_word' id='word_1_15' title='bbox 825 301 1079 376; x_wconf 79' lang='lat' dir='ltr'>dissimulandum</span> 
     </span>
     <span class='ocr_line' id='line_1_3' title="bbox 95 385 1077 464; baseline 0.006 -17"><span class='ocrx_word' id='word_1_16' title='bbox 95 387 159 456; x_wconf 84' lang='lat' dir='ltr'>sibi</span> <span class='ocrx_word' id='word_1_17' title='bbox 169 385 407 462; x_wconf 76' lang='lat' dir='ltr'>etitesneueus</span> <span class='ocrx_word' id='word_1_18' title='bbox 421 401 508 459; x_wconf 87' lang='lat' dir='ltr'>esse,</span> <span class='ocrx_word' id='word_1_19' title='bbox 533 401 613 464; x_wconf 85' lang='lat' dir='ltr'>quae</span> <span class='ocrx_word' id='word_1_20' title='bbox 633 386 715 448; x_wconf 86' lang='lat' dir='ltr'>tama</span> <span class='ocrx_word' id='word_1_21' title='bbox 728 385 853 461; x_wconf 74' lang='lat' dir='ltr'>vulgata</span> <span class='ocrx_word' id='word_1_22' title='bbox 867 387 907 456; x_wconf 84' lang='lat' dir='ltr'>de</span> <span class='ocrx_word' id='word_1_23' title='bbox 920 389 1077 461; x_wconf 82' lang='lat' dir='ltr'>reddenda</span> 
     </span>
     <span class='ocr_line' id='line_1_4' title="bbox 93 469 1079 546; baseline 0.005 -12"><span class='ocrx_word' id='word_1_24' title='bbox 93 470 290 538; x_wconf 74' lang='lat' dir='ltr'><strong>Demetriade</strong></span> <span class='ocrx_word' id='word_1_25' title='bbox 302 469 443 546; x_wconf 68' lang='lat' dir='ltr'>Philippo</span> <span class='ocrx_word' id='word_1_26' title='bbox 458 471 545 536; x_wconf 82' lang='lat' dir='ltr'>ieret.</span> <span class='ocrx_word' id='word_1_27' title='bbox 568 470 600 534; x_wconf 89' lang='lat' dir='ltr'>id</span> <span class='ocrx_word' id='word_1_28' title='bbox 612 470 764 542; x_wconf 83' lang='lat' dir='ltr'>retieret,</span> <span class='ocrx_word' id='word_1_29' title='bbox 781 471 883 535; x_wconf 87' lang='lat' dir='ltr'>omnia</span> <span class='ocrx_word' id='word_1_30' title='bbox 893 479 924 532; x_wconf 92' lang='lat' dir='ltr'>et</span> <span class='ocrx_word' id='word_1_31' title='bbox 938 475 1079 539; x_wconf 77' lang='lat' dir='ltr'>conanda</span> 
     </span>
     <span class='ocr_line' id='line_1_5' title="bbox 93 553 1078 631; baseline 0.001 -13"><span class='ocrx_word' id='word_1_32' title='bbox 93 553 474 629; x_wconf 63' lang='lat' dir='ltr'>mandendaMagnetibus</span> <span class='ocrx_word' id='word_1_33' title='bbox 487 569 569 620; x_wconf 78' lang='lat' dir='ltr'>esse·</span> <span class='ocrx_word' id='word_1_34' title='bbox 591 561 622 618; x_wconf 86' lang='lat' dir='ltr'>et</span> <span class='ocrx_word' id='word_1_35' title='bbox 631 553 709 621; x_wconf 83' lang='lat' dir='ltr'>inter</span> <span class='ocrx_word' id='word_1_36' title='bbox 720 554 842 621; x_wconf 85' lang='lat' dir='ltr'>dicendi</span> <span class='ocrx_word' id='word_1_37' title='bbox 854 557 1078 631; x_wconf 71' lang='lat' dir='ltr'>contentionem</span> 
     </span>
     <span class='ocr_line' id='line_1_6' title="bbox 91 637 1078 716; baseline 0.004 -18"><span class='ocrx_word' id='word_1_38' title='bbox 91 639 298 706; x_wconf 79' lang='lat' dir='ltr'>iueoneuttius</span> <span class='ocrx_word' id='word_1_39' title='bbox 313 644 441 708; x_wconf 75' lang='lat' dir='ltr'>euentus</span> <span class='ocrx_word' id='word_1_40' title='bbox 456 637 660 712; x_wconf 74' lang='lat' dir='ltr'>proterritum</span> <span class='ocrx_word' id='word_1_41' title='bbox 686 653 812 716; x_wconf 84' lang='lat' dir='ltr'>quoque</span> <span class='ocrx_word' id='word_1_42' title='bbox 832 640 938 714; x_wconf 75' lang='lat' dir='ltr'>speeie</span> <span class='ocrx_word' id='word_1_43' title='bbox 952 639 1078 712; x_wconf 80' lang='lat' dir='ltr'><strong>liberam</strong></span> 
     </span>
     <span class='ocr_line' id='line_1_7' title="bbox 91 720 1078 798; baseline 0.005 -16"><span class='ocrx_word' id='word_1_44' title='bbox 91 721 320 790; x_wconf 78' lang='lat' dir='ltr'>ueneriadem</span> <span class='ocrx_word' id='word_1_45' title='bbox 334 737 421 795; x_wconf 82' lang='lat' dir='ltr'>esse,</span> <span class='ocrx_word' id='word_1_46' title='bbox 443 737 478 784; x_wconf 89' lang='lat' dir='ltr'>re</span> <span class='ocrx_word' id='word_1_47' title='bbox 489 737 565 784; x_wconf 82' lang='lat' dir='ltr'>vera</span> <span class='ocrx_word' id='word_1_48' title='bbox 580 720 682 785; x_wconf 85' lang='lat' dir='ltr'>omnia</span> <span class='ocrx_word' id='word_1_49' title='bbox 697 722 736 790; x_wconf 83' lang='lat' dir='ltr'>ad</span> <span class='ocrx_word' id='word_1_50' title='bbox 753 730 857 793; x_wconf 88' lang='lat' dir='ltr'>nutum</span> <span class='ocrx_word' id='word_1_51' title='bbox 870 723 1078 798; x_wconf 81' lang='lat' dir='ltr'>Romanorum</span> 
     </span>
     <span class='ocr_line' id='line_1_8' title="bbox 91 805 1076 884; baseline 0.003 -17"><span class='ocrx_word' id='word_1_52' title='bbox 91 807 172 870; x_wconf 77' lang='lat' dir='ltr'>fieri.</span> <span class='ocrx_word' id='word_1_53' title='bbox 206 806 264 872; x_wconf 89' lang='lat' dir='ltr'>sub</span> <span class='ocrx_word' id='word_1_54' title='bbox 285 805 345 872; x_wconf 80' lang='lat' dir='ltr'>hae</span> <span class='ocrx_word' id='word_1_55' title='bbox 366 821 444 868; x_wconf 81' lang='lat' dir='ltr'>voce</span> <span class='ocrx_word' id='word_1_56' title='bbox 464 806 602 876; x_wconf 66' lang='lat' dir='ltr'>fremitus</span> <span class='ocrx_word' id='word_1_57' title='bbox 621 806 768 869; x_wconf 83' lang='lat' dir='ltr'>variantis</span> <span class='ocrx_word' id='word_1_58' title='bbox 793 807 991 877; x_wconf 70' lang='lat' dir='ltr'>multitudinis</span> <span class='ocrx_word' id='word_1_59' title='bbox 1013 810 1076 884; x_wconf 80' lang='lat' dir='ltr'>tuit,</span> 
     </span>
     <span class='ocr_line' id='line_1_9' title="bbox 91 889 1076 966; baseline -0.003 -14"><span class='ocrx_word' id='word_1_60' title='bbox 91 890 207 966; x_wconf 84' lang='lat' dir='ltr'>partim</span> <span class='ocrx_word' id='word_1_61' title='bbox 219 890 355 958; x_wconf 84' lang='lat' dir='ltr'>adsensu</span> <span class='ocrx_word' id='word_1_62' title='bbox 364 891 475 964; x_wconf 79' lang='lat' dir='ltr'>partim</span> <span class='ocrx_word' id='word_1_63' title='bbox 486 890 703 965; x_wconf 72' lang='lat' dir='ltr'>indignatione,</span> <span class='ocrx_word' id='word_1_64' title='bbox 716 890 819 952; x_wconf 84' lang='lat' dir='ltr'>dicere</span> <span class='ocrx_word' id='word_1_65' title='bbox 828 889 861 955; x_wconf 90' lang='lat' dir='ltr'>id</span> <span class='ocrx_word' id='word_1_66' title='bbox 872 906 982 955; x_wconf 84' lang='lat' dir='ltr'>ausum</span> <span class='ocrx_word' id='word_1_67' title='bbox 991 909 1076 959; x_wconf 69' lang='lat' dir='ltr'>eum:</span> 
     </span>
     <span class='ocr_line' id='line_1_10' title="bbox 92 973 1076 1050; baseline -0.001 -8"><span class='ocrx_word' id='word_1_68' title='bbox 92 973 253 1049; x_wconf 72' lang='lat' dir='ltr'>Quinctius</span> <span class='ocrx_word' id='word_1_69' title='bbox 271 973 394 1050; x_wconf 71' lang='lat' dir='ltr'>quidem</span> <span class='ocrx_word' id='word_1_70' title='bbox 410 974 488 1037; x_wconf 82' lang='lat' dir='ltr'>adeo</span> <span class='ocrx_word' id='word_1_71' title='bbox 504 975 620 1037; x_wconf 76' lang='lat' dir='ltr'>exarsit</span> <span class='ocrx_word' id='word_1_72' title='bbox 634 973 694 1046; x_wconf 85' lang='lat' dir='ltr'>ira,</span> <span class='ocrx_word' id='word_1_73' title='bbox 721 981 753 1034; x_wconf 90' lang='lat' dir='ltr'>ut</span> <span class='ocrx_word' id='word_1_74' title='bbox 772 990 881 1040; x_wconf 80' lang='lat' dir='ltr'>manus</span> <span class='ocrx_word' id='word_1_75' title='bbox 902 976 942 1039; x_wconf 87' lang='lat' dir='ltr'>ed</span> <span class='ocrx_word' id='word_1_76' title='bbox 958 979 1076 1041; x_wconf 76' lang='lat' dir='ltr'>caetum</span> 
     </span>
     <span class='ocr_line' id='line_1_11' title="bbox 89 1057 1074 1138; baseline 0.002 -18"><span class='ocrx_word' id='word_1_77' title='bbox 89 1059 278 1126; x_wconf 69' lang='lat' dir='ltr'>tendendae</span> <span class='ocrx_word' id='word_1_78' title='bbox 292 1058 370 1124; x_wconf 84' lang='lat' dir='ltr'>deos</span> <span class='ocrx_word' id='word_1_79' title='bbox 384 1065 480 1118; x_wconf 86' lang='lat' dir='ltr'>testes</span> <span class='ocrx_word' id='word_1_80' title='bbox 495 1057 605 1133; x_wconf 74' lang='lat' dir='ltr'>ingrati</span> <span class='ocrx_word' id='word_1_81' title='bbox 620 1073 656 1119; x_wconf 88' lang='lat' dir='ltr'>ae</span> <span class='ocrx_word' id='word_1_82' title='bbox 673 1057 784 1134; x_wconf 83' lang='lat' dir='ltr'>perfidi</span> <span class='ocrx_word' id='word_1_83' title='bbox 799 1059 889 1118; x_wconf 83' lang='lat' dir='ltr'>anirni</span> <span class='ocrx_word' id='word_1_84' title='bbox 901 1058 1074 1138; x_wconf 76' lang='lat' dir='ltr'>Magnetum</span> 
     </span>
     <span class='ocr_line' id='line_1_12' title="bbox 90 1141 1074 1222; baseline 0.002 -20"><span class='ocrx_word' id='word_1_85' title='bbox 90 1143 262 1212; x_wconf 66' lang='lat' dir='ltr'>inroraret.</span> <span class='ocrx_word' id='word_1_86' title='bbox 284 1141 342 1210; x_wconf 81' lang='lat' dir='ltr'>trae</span> <span class='ocrx_word' id='word_1_87' title='bbox 356 1155 434 1204; x_wconf 87' lang='lat' dir='ltr'>veee</span> <span class='ocrx_word' id='word_1_88' title='bbox 447 1141 618 1218; x_wconf 73' lang='lat' dir='ltr'>perterritis</span> <span class='ocrx_word' id='word_1_89' title='bbox 634 1141 791 1215; x_wconf 85' lang='lat' dir='ltr'>omnibus,</span> <span class='ocrx_word' id='word_1_90' title='bbox 811 1141 894 1209; x_wconf 85' lang='lat' dir='ltr'>Zeno</span> <span class='ocrx_word' id='word_1_91' title='bbox 910 1157 950 1205; x_wconf 86' lang='lat' dir='ltr'>ex</span> <span class='ocrx_word' id='word_1_92' title='bbox 964 1145 1074 1222; x_wconf 81' lang='lat' dir='ltr'>prinei-</span> 
     </span>
     <span class='ocr_line' id='line_1_13' title="bbox 91 1225 1075 1302; baseline -0.001 -13"><span class='ocrx_word' id='word_1_93' title='bbox 91 1227 187 1302; x_wconf 72' lang='lat' dir='ltr'>pitrus</span> <span class='ocrx_word' id='word_1_94' title='bbox 200 1241 301 1298; x_wconf 46' lang='lat' dir='ltr'>unust</span> <span class='ocrx_word' id='word_1_95' title='bbox 311 1241 441 1301; x_wconf 68' lang='lat' dir='ltr'>megarae</span> <span class='ocrx_word' id='word_1_96' title='bbox 456 1225 576 1293; x_wconf 74' lang='lat' dir='ltr'>ermol)</span> <span class='ocrx_word' id='word_1_97' title='bbox 589 1227 745 1301; x_wconf 65' lang='lat' dir='ltr'>eleganter</span> <span class='ocrx_word' id='word_1_98' title='bbox 755 1233 855 1290; x_wconf 81' lang='lat' dir='ltr'>aetam</span> <span class='ocrx_word' id='word_1_99' title='bbox 867 1226 958 1291; x_wconf 85' lang='lat' dir='ltr'>vitam</span> <span class='ocrx_word' id='word_1_100' title='bbox 970 1235 1075 1296; x_wconf 80' lang='lat' dir='ltr'>aueto-</span> 
     </span>
     <span class='ocr_line' id='line_1_14' title="bbox 89 1309 1074 1388; baseline 0.006 -18"><span class='ocrx_word' id='word_1_101' title='bbox 89 1309 208 1382; x_wconf 74' lang='lat' dir='ltr'>ritatiS,</span> <span class='ocrx_word' id='word_1_102' title='bbox 230 1317 294 1373; x_wconf 90' lang='lat' dir='ltr'>tum</span> <span class='ocrx_word' id='word_1_103' title='bbox 309 1309 395 1384; x_wconf 69' lang='lat' dir='ltr'>qued</span> <span class='ocrx_word' id='word_1_104' title='bbox 414 1325 538 1386; x_wconf 87' lang='lat' dir='ltr'>semper</span> <span class='ocrx_word' id='word_1_105' title='bbox 551 1310 759 1374; x_wconf 85' lang='lat' dir='ltr'>Romanorum</span> <span class='ocrx_word' id='word_1_106' title='bbox 773 1309 857 1372; x_wconf 84' lang='lat' dir='ltr'>haud</span> <span class='ocrx_word' id='word_1_107' title='bbox 872 1309 964 1372; x_wconf 87' lang='lat' dir='ltr'>dubie</span> <span class='ocrx_word' id='word_1_108' title='bbox 978 1311 1074 1388; x_wconf 83' lang='lat' dir='ltr'>pertis</span> 
     </span>
     <span class='ocr_line' id='line_1_15' title="bbox 91 1391 1074 1470; baseline 0.002 -14"><span class='ocrx_word' id='word_1_109' title='bbox 91 1397 208 1467; x_wconf 82' lang='lat' dir='ltr'>tuerat,</span> <span class='ocrx_word' id='word_1_110' title='bbox 230 1393 268 1456; x_wconf 84' lang='lat' dir='ltr'>ab</span> <span class='ocrx_word' id='word_1_111' title='bbox 284 1391 422 1468; x_wconf 79' lang='lat' dir='ltr'>Quinctio</span> <span class='ocrx_word' id='word_1_112' title='bbox 445 1393 616 1469; x_wconf 77' lang='lat' dir='ltr'>rugatisque</span> <span class='ocrx_word' id='word_1_113' title='bbox 637 1393 705 1460; x_wconf 84' lang='lat' dir='ltr'>aliis</span> <span class='ocrx_word' id='word_1_114' title='bbox 723 1393 803 1456; x_wconf 86' lang='lat' dir='ltr'>flans</span> <span class='ocrx_word' id='word_1_115' title='bbox 819 1395 907 1470; x_wconf 86' lang='lat' dir='ltr'>petit,</span> <span class='ocrx_word' id='word_1_116' title='bbox 929 1395 1074 1458; x_wconf 83' lang='lat' dir='ltr'>neurius</span> 
     </span>
     <span class='ocr_line' id='line_1_16' title="bbox 91 1477 1116 1556; baseline -0.002 -16"><span class='ocrx_word' id='word_1_117' title='bbox 91 1477 257 1546; x_wconf 82' lang='lat' dir='ltr'>amentiam</span> <span class='ocrx_word' id='word_1_118' title='bbox 271 1477 383 1548; x_wconf 78' lang='lat' dir='ltr'>eiviteti</span> <span class='ocrx_word' id='word_1_119' title='bbox 398 1477 604 1552; x_wconf 77' lang='lat' dir='ltr'>adsignarent.</span> <span class='ocrx_word' id='word_1_120' title='bbox 632 1493 690 1543; x_wconf 81' lang='lat' dir='ltr'>suo</span> <span class='ocrx_word' id='word_1_121' title='bbox 706 1493 860 1554; x_wconf 82' lang='lat' dir='ltr'>quemque</span> <span class='ocrx_word' id='word_1_122' title='bbox 875 1479 1011 1556; x_wconf 74' lang='lat' dir='ltr'>perimite</span> <span class='ocrx_word' id='word_1_123' title='bbox 1028 1480 1074 1542; x_wconf 83' lang='lat' dir='ltr'>iu·</span> <span class='ocrx_word' id='word_1_124' title='bbox 1113 1549 1116 1556; x_wconf 22' lang='grc' dir='ltr'>Ι</span> 
     </span>
     <span class='ocr_line' id='line_1_17' title="bbox 89 1561 1074 1638; baseline 0.004 -15"><span class='ocrx_word' id='word_1_125' title='bbox 89 1577 172 1624; x_wconf 87' lang='lat' dir='ltr'>rere.</span> <span class='ocrx_word' id='word_1_126' title='bbox 194 1561 354 1636; x_wconf 64' lang='lat' dir='ltr'>Magnetas</span> <span class='ocrx_word' id='word_1_127' title='bbox 375 1577 437 1623; x_wconf 88' lang='lat' dir='ltr'>non</span> <span class='ocrx_word' id='word_1_128' title='bbox 457 1562 628 1631; x_wconf 82' lang='lat' dir='ltr'>libertatem</span> <span class='ocrx_word' id='word_1_129' title='bbox 647 1563 755 1636; x_wconf 88' lang='lat' dir='ltr'>modo,</span> <span class='ocrx_word' id='word_1_130' title='bbox 778 1563 835 1622; x_wconf 89' lang='lat' dir='ltr'>sed</span> <span class='ocrx_word' id='word_1_131' title='bbox 855 1563 970 1636; x_wconf 84' lang='lat' dir='ltr'>omnia,</span> <span class='ocrx_word' id='word_1_132' title='bbox 994 1580 1074 1638; x_wconf 82' lang='lat' dir='ltr'>quae</span> 
     </span>
     <span class='ocr_line' id='line_1_18' title="bbox 90 1645 1073 1722; baseline 0.004 -16"><span class='ocrx_word' id='word_1_133' title='bbox 90 1645 269 1714; x_wconf 79' lang='lat' dir='ltr'>hominibus</span> <span class='ocrx_word' id='word_1_134' title='bbox 284 1653 391 1714; x_wconf 84' lang='lat' dir='ltr'>saneta</span> <span class='ocrx_word' id='word_1_135' title='bbox 405 1661 539 1721; x_wconf 78' lang='lat' dir='ltr'>eamque</span> <span class='ocrx_word' id='word_1_136' title='bbox 551 1647 626 1717; x_wconf 82' lang='lat' dir='ltr'>sint,</span> <span class='ocrx_word' id='word_1_137' title='bbox 640 1647 673 1712; x_wconf 81' lang='grc' dir='ltr'>Τ.</span> <span class='ocrx_word' id='word_1_138' title='bbox 685 1645 824 1720; x_wconf 83' lang='lat' dir='ltr'>Quinctio</span> <span class='ocrx_word' id='word_1_139' title='bbox 840 1655 870 1712; x_wconf 85' lang='lat' dir='ltr'>et</span> <span class='ocrx_word' id='word_1_140' title='bbox 885 1649 1001 1722; x_wconf 82' lang='lat' dir='ltr'>populo</span> <span class='ocrx_word' id='word_1_141' title='bbox 1012 1649 1073 1716; x_wconf 86' lang='lat' dir='ltr'>Ro·</span> 
     </span>
     <span class='ocr_line' id='line_1_19' title="bbox 90 1727 1072 1808; baseline 0.004 -16"><span class='ocrx_word' id='word_1_142' title='bbox 90 1745 187 1796; x_wconf 85' lang='lat' dir='ltr'>mene</span> <span class='ocrx_word' id='word_1_143' title='bbox 201 1729 324 1798; x_wconf 84' lang='lat' dir='ltr'>debera.</span> <span class='ocrx_word' id='word_1_144' title='bbox 348 1727 422 1790; x_wconf 83' lang='lat' dir='ltr'>nihit</span> <span class='ocrx_word' id='word_1_145' title='bbox 438 1745 624 1806; x_wconf 83' lang='lat' dir='ltr'>quemquam</span> <span class='ocrx_word' id='word_1_146' title='bbox 637 1730 676 1794; x_wconf 85' lang='lat' dir='ltr'>ab</span> <span class='ocrx_word' id='word_1_147' title='bbox 695 1730 755 1795; x_wconf 84' lang='lat' dir='ltr'>diis</span> <span class='ocrx_word' id='word_1_148' title='bbox 769 1729 1072 1808; x_wconf 78' lang='lat' dir='ltr'>immortalibuspre</span> 
     </span>
     <span class='ocr_line' id='line_1_20' title="bbox 90 1813 1073 1890; baseline 0.004 -14"><span class='ocrx_word' id='word_1_149' title='bbox 90 1816 155 1878; x_wconf 86' lang='lat' dir='ltr'>cari</span> <span class='ocrx_word' id='word_1_150' title='bbox 178 1829 290 1890; x_wconf 83' lang='lat' dir='ltr'>posse,</span> <span class='ocrx_word' id='word_1_151' title='bbox 313 1814 398 1890; x_wconf 83' lang='lat' dir='ltr'>quod</span> <span class='ocrx_word' id='word_1_152' title='bbox 419 1829 480 1874; x_wconf 88' lang='lat' dir='ltr'>non</span> <span class='ocrx_word' id='word_1_153' title='bbox 493 1813 653 1890; x_wconf 77' lang='lat' dir='ltr'>Magnetes</span> <span class='ocrx_word' id='word_1_154' title='bbox 674 1813 713 1876; x_wconf 79' lang='lat' dir='ltr'>ab</span> <span class='ocrx_word' id='word_1_155' title='bbox 733 1813 792 1874; x_wconf 87' lang='lat' dir='ltr'>iilis</span> <span class='ocrx_word' id='word_1_156' title='bbox 807 1813 970 1884; x_wconf 64' lang='lat' dir='ltr'>hebernum</span> <span class='ocrx_word' id='word_1_157' title='bbox 992 1823 1023 1880; x_wconf 87' lang='lat' dir='ltr'>et</span> <span class='ocrx_word' id='word_1_158' title='bbox 1043 1817 1073 1880; x_wconf 87' lang='lat' dir='ltr'>in</span> 
     </span>
     <span class='ocr_line' id='line_1_21' title="bbox 91 1897 1072 1975; baseline 0.001 -15"><span class='ocrx_word' id='word_1_159' title='bbox 91 1913 227 1975; x_wconf 82' lang='lat' dir='ltr'>corpora</span> <span class='ocrx_word' id='word_1_160' title='bbox 242 1913 300 1966; x_wconf 85' lang='lat' dir='ltr'>sua</span> <span class='ocrx_word' id='word_1_161' title='bbox 313 1898 401 1964; x_wconf 84' lang='lat' dir='ltr'>eitius</span> <span class='ocrx_word' id='word_1_162' title='bbox 418 1913 473 1972; x_wconf 87' lang='lat' dir='ltr'>per</span> <span class='ocrx_word' id='word_1_163' title='bbox 487 1899 621 1963; x_wconf 83' lang='lat' dir='ltr'>furorem</span> <span class='ocrx_word' id='word_1_164' title='bbox 641 1897 830 1971; x_wconf 84' lang='lat' dir='ltr'>saevituros,</span> <span class='ocrx_word' id='word_1_165' title='bbox 854 1914 945 1974; x_wconf 84' lang='lat' dir='ltr'>quam</span> <span class='ocrx_word' id='word_1_166' title='bbox 965 1907 999 1960; x_wconf 92' lang='lat' dir='ltr'>ut</span> <span class='ocrx_word' id='word_1_167' title='bbox 1012 1900 1072 1962; x_wconf 87' lang='lat' dir='ltr'>Re·</span> 
     </span>
     <span class='ocr_line' id='line_1_22' title="bbox 92 1980 1072 2064; baseline 0 -20"><span class='ocrx_word' id='word_1_168' title='bbox 92 1999 214 2049; x_wconf 84' lang='lat' dir='ltr'>manum</span> <span class='ocrx_word' id='word_1_169' title='bbox 226 1981 386 2051; x_wconf 81' lang='lat' dir='ltr'>amicitiam</span> <span class='ocrx_word' id='word_1_170' title='bbox 397 1982 554 2044; x_wconf 81' lang='lat' dir='ltr'>viatorem.</span> <span class='ocrx_word' id='word_1_171' title='bbox 581 1981 700 2046; x_wconf 83' lang='lat' dir='ltr'>XXXII.</span> <span class='ocrx_word' id='word_1_172' title='bbox 714 1981 808 2064; x_wconf 16' lang='lat' dir='ltr'>&#39;huius</span> <span class='ocrx_word' id='word_1_173' title='bbox 821 1980 990 2046; x_wconf 83' lang='lat' dir='ltr'>orationem</span> <span class='ocrx_word' id='word_1_174' title='bbox 1000 1983 1072 2044; x_wconf 85' lang='lat' dir='ltr'>snb·-</span> 
     </span>
     <span class='ocr_line' id='line_1_23' title="bbox 92 2065 1071 2144; baseline 0 -16"><span class='ocrx_word' id='word_1_175' title='bbox 92 2075 218 2136; x_wconf 82' lang='lat' dir='ltr'>seeutee</span> <span class='ocrx_word' id='word_1_176' title='bbox 233 2065 434 2128; x_wconf 73' lang='lat' dir='ltr'>mutitudinis</span> <span class='ocrx_word' id='word_1_177' title='bbox 450 2081 559 2142; x_wconf 81' lang='lat' dir='ltr'>preces</span> <span class='ocrx_word' id='word_1_178' title='bbox 573 2073 654 2132; x_wconf 88' lang='lat' dir='ltr'>sunt.</span> <span class='ocrx_word' id='word_1_179' title='bbox 677 2065 872 2144; x_wconf 82' lang='lat' dir='ltr'>Eurylochus</span> <span class='ocrx_word' id='word_1_180' title='bbox 887 2080 927 2132; x_wconf 83' lang='lat' dir='ltr'>ex</span> <span class='ocrx_word' id='word_1_181' title='bbox 941 2067 1071 2134; x_wconf 80' lang='lat' dir='ltr'>coneilio</span> 
     </span>
     <span class='ocr_line' id='line_1_24' title="bbox 91 2149 1072 2227; baseline -0.002 -15"><span class='ocrx_word' id='word_1_182' title='bbox 91 2151 251 2218; x_wconf 82' lang='lat' dir='ltr'>itineribus</span> <span class='ocrx_word' id='word_1_183' title='bbox 267 2149 394 2217; x_wconf 81' lang='lat' dir='ltr'>oecuttis</span> <span class='ocrx_word' id='word_1_184' title='bbox 410 2149 450 2220; x_wconf 84' lang='lat' dir='ltr'>ad</span> <span class='ocrx_word' id='word_1_185' title='bbox 469 2157 588 2226; x_wconf 87' lang='lat' dir='ltr'>portam</span> <span class='ocrx_word' id='word_1_186' title='bbox 609 2156 700 2226; x_wconf 84' lang='lat' dir='ltr'>atque</span> <span class='ocrx_word' id='word_1_187' title='bbox 720 2149 793 2212; x_wconf 88' lang='lat' dir='ltr'>inde</span> <span class='ocrx_word' id='word_1_188' title='bbox 809 2151 949 2227; x_wconf 88' lang='lat' dir='ltr'>protinus</span> <span class='ocrx_word' id='word_1_189' title='bbox 966 2151 997 2211; x_wconf 90' lang='lat' dir='ltr'>in</span> <span class='ocrx_word' id='word_1_190' title='bbox 1011 2151 1072 2224; x_wconf 77' lang='lat' dir='ltr'>Ae·</span> 
     </span>
     <span class='ocr_line' id='line_1_25' title="bbox 91 2232 1072 2310; baseline -0.003 -12"><span class='ocrx_word' id='word_1_191' title='bbox 91 2235 196 2302; x_wconf 81' lang='lat' dir='ltr'>tetiam</span> <span class='ocrx_word' id='word_1_192' title='bbox 221 2233 365 2310; x_wconf 64' lang='lat' dir='ltr'>troierit.</span> <span class='ocrx_word' id='word_1_193' title='bbox 399 2232 458 2294; x_wconf 88' lang='lat' dir='ltr'>iam</span> <span class='ocrx_word' id='word_1_194' title='bbox 481 2233 576 2308; x_wconf 87' lang='lat' dir='ltr'>enim,</span> <span class='ocrx_word' id='word_1_195' title='bbox 602 2243 632 2295; x_wconf 92' lang='lat' dir='ltr'>et</span> <span class='ocrx_word' id='word_1_196' title='bbox 652 2235 683 2298; x_wconf 92' lang='lat' dir='ltr'>id</span> <span class='ocrx_word' id='word_1_197' title='bbox 704 2233 802 2309; x_wconf 80' lang='lat' dir='ltr'>magis</span> <span class='ocrx_word' id='word_1_198' title='bbox 822 2234 951 2308; x_wconf 85' lang='lat' dir='ltr'>indies,</span> <span class='ocrx_word' id='word_1_199' title='bbox 970 2235 1072 2296; x_wconf 85' lang='lat' dir='ltr'>Aetoii</span> 
     </span>
     <span class='ocr_line' id='line_1_26' title="bbox 90 2317 1071 2394; baseline -0.002 -14"><span class='ocrx_word' id='word_1_200' title='bbox 90 2319 296 2386; x_wconf 81' lang='lat' dir='ltr'>deiectionem</span> <span class='ocrx_word' id='word_1_201' title='bbox 310 2317 482 2389; x_wconf 79' lang='lat' dir='ltr'>audebant,</span> <span class='ocrx_word' id='word_1_202' title='bbox 504 2333 606 2394; x_wconf 78' lang='lat' dir='ltr'>eoque</span> <span class='ocrx_word' id='word_1_203' title='bbox 626 2319 695 2392; x_wconf 88' lang='lat' dir='ltr'>ipso</span> <span class='ocrx_word' id='word_1_204' title='bbox 718 2319 797 2385; x_wconf 85' lang='lat' dir='ltr'>torte</span> <span class='ocrx_word' id='word_1_205' title='bbox 815 2325 955 2394; x_wconf 88' lang='lat' dir='ltr'>ternpore</span> <span class='ocrx_word' id='word_1_206' title='bbox 969 2319 1071 2388; x_wconf 82' lang='lat' dir='ltr'>Thoas</span> 
     </span>
     <span class='ocr_line' id='line_1_27' title="bbox 91 2401 1070 2480; baseline -0.003 -15"><span class='ocrx_word' id='word_1_207' title='bbox 91 2404 239 2480; x_wconf 80' lang='lat' dir='ltr'>prieneus</span> <span class='ocrx_word' id='word_1_208' title='bbox 251 2403 368 2478; x_wconf 68' lang='lat' dir='ltr'>gentis,</span> <span class='ocrx_word' id='word_1_209' title='bbox 391 2417 482 2478; x_wconf 85' lang='lat' dir='ltr'>qoem</span> <span class='ocrx_word' id='word_1_210' title='bbox 502 2401 647 2474; x_wconf 80' lang='lat' dir='ltr'>miserant</span> <span class='ocrx_word' id='word_1_211' title='bbox 661 2401 701 2463; x_wconf 91' lang='lat' dir='ltr'>ad</span> <span class='ocrx_word' id='word_1_212' title='bbox 714 2401 914 2472; x_wconf 75' lang='lat' dir='ltr'>Armorum,</span> <span class='ocrx_word' id='word_1_213' title='bbox 929 2402 1070 2472; x_wconf 75' lang='lat' dir='ltr'>redierat,</span> 
     </span>
     <span class='ocr_line' id='line_1_28' title="bbox 90 2485 1071 2563; baseline -0.003 -16"><span class='ocrx_word' id='word_1_214' title='bbox 90 2487 230 2563; x_wconf 75' lang='lat' dir='ltr'>indeque</span> <span class='ocrx_word' id='word_1_215' title='bbox 240 2485 420 2562; x_wconf 77' lang='lat' dir='ltr'>Menippum</span> <span class='ocrx_word' id='word_1_216' title='bbox 435 2501 541 2546; x_wconf 84' lang='lat' dir='ltr'>seeum</span> <span class='ocrx_word' id='word_1_217' title='bbox 555 2485 726 2549; x_wconf 81' lang='lat' dir='ltr'>adduxerat</span> <span class='ocrx_word' id='word_1_218' title='bbox 738 2485 820 2558; x_wconf 76' lang='lat' dir='ltr'>regis,</span> <span class='ocrx_word' id='word_1_219' title='bbox 836 2486 984 2558; x_wconf 66' lang='lat' dir='ltr'>tegetum</span> <span class='ocrx_word' id='word_1_220' title='bbox 1009 2485 1071 2560; x_wconf 85' lang='lat' dir='ltr'>qui,</span> 
     </span>
     <span class='ocr_line' id='line_1_29' title="bbox 89 2565 1072 2648; baseline -0.006 -16"><span class='ocrx_word' id='word_1_221' title='bbox 89 2570 272 2648; x_wconf 81' lang='lat' dir='ltr'>priusquam</span> <span class='ocrx_word' id='word_1_222' title='bbox 297 2569 460 2632; x_wconf 87' lang='lat' dir='ltr'>eoueitium</span> <span class='ocrx_word' id='word_1_223' title='bbox 484 2569 521 2635; x_wconf 79' lang='lat' dir='ltr'>iis</span> <span class='ocrx_word' id='word_1_224' title='bbox 546 2569 684 2640; x_wconf 79' lang='lat' dir='ltr'>daretur,</span> <span class='ocrx_word' id='word_1_225' title='bbox 712 2567 913 2642; x_wconf 84' lang='lat' dir='ltr'>impleverant</span> <span class='ocrx_word' id='word_1_226' title='bbox 937 2565 1072 2632; x_wconf 88' lang='lat' dir='ltr'>emnium</span> 
     </span>
     <span class='ocr_line' id='line_1_30' title="bbox 88 2651 1071 2728; baseline -0.007 -12"><span class='ocrx_word' id='word_1_227' title='bbox 88 2671 183 2722; x_wconf 80' lang='lat' dir='ltr'>aures</span> <span class='ocrx_word' id='word_1_228' title='bbox 202 2655 356 2722; x_wconf 81' lang='lat' dir='ltr'>terrestris</span> <span class='ocrx_word' id='word_1_229' title='bbox 376 2654 557 2728; x_wconf 76' lang='lat' dir='ltr'>navalisque</span> <span class='ocrx_word' id='word_1_230' title='bbox 578 2651 685 2728; x_wconf 83' lang='lat' dir='ltr'>copias</span> <span class='ocrx_word' id='word_1_231' title='bbox 711 2651 996 2721; x_wconf 75' lang='lat' dir='ltr'>commemorando:</span> <span class='ocrx_word' id='word_1_232' title='bbox 1027 2651 1071 2720; x_wconf 81' lang='lat' dir='ltr'>in-</span> 
     </span>
     <span class='ocr_line' id='line_1_31' title="bbox 88 2734 1070 2814; baseline -0.011 -7"><span class='ocrx_word' id='word_1_233' title='bbox 88 2746 213 2814; x_wconf 72' lang='lat' dir='ltr'>rentem</span> <span class='ocrx_word' id='word_1_234' title='bbox 233 2737 295 2801; x_wconf 78' lang='lat' dir='ltr'>iim</span> <span class='ocrx_word' id='word_1_235' title='bbox 315 2738 449 2814; x_wconf 84' lang='lat' dir='ltr'>pediturn</span> <span class='ocrx_word' id='word_1_236' title='bbox 471 2735 670 2814; x_wconf 84' lang='lat' dir='ltr'>equitumque</span> <span class='ocrx_word' id='word_1_237' title='bbox 693 2735 813 2810; x_wconf 81' lang='lat' dir='ltr'>venire,</span> <span class='ocrx_word' id='word_1_238' title='bbox 839 2751 879 2801; x_wconf 80' lang='lat' dir='ltr'>ex</span> <span class='ocrx_word' id='word_1_239' title='bbox 898 2734 986 2797; x_wconf 87' lang='lat' dir='ltr'>India</span> <span class='ocrx_word' id='word_1_240' title='bbox 1010 2736 1070 2802; x_wconf 82' lang='lat' dir='ltr'>ete·</span> 
     </span>
     <span class='ocr_line' id='line_1_32' title="bbox 88 2819 1072 2899; baseline 0 -11"><span class='ocrx_word' id='word_1_241' title='bbox 88 2823 242 2899; x_wconf 73' lang='lat' dir='ltr'>piantem</span> <span class='ocrx_word' id='word_1_242' title='bbox 275 2829 347 2890; x_wconf 83' lang='lat' dir='ltr'>erte</span> <span class='ocrx_word' id='word_1_243' title='bbox 372 2821 487 2895; x_wconf 84' lang='lat' dir='ltr'>omnio,</span> <span class='ocrx_word' id='word_1_244' title='bbox 520 2837 582 2896; x_wconf 80' lang='lat' dir='ltr'>quo</span> <span class='ocrx_word' id='word_1_245' title='bbox 608 2819 740 2890; x_wconf 74' lang='lat' dir='ltr'>maxime</span> <span class='ocrx_word' id='word_1_246' title='bbox 763 2820 880 2888; x_wconf 77' lang='lat' dir='ltr'>moveri</span> <span class='ocrx_word' id='word_1_247' title='bbox 905 2819 1072 2886; x_wconf 78' lang='lat' dir='ltr'>eredebant</span> 
     </span>
     <span class='ocr_line' id='line_1_33' title="bbox 88 2902 1071 2981; baseline -0.006 -10"><span class='ocrx_word' id='word_1_248' title='bbox 88 2905 291 2977; x_wconf 76' lang='lat' dir='ltr'>multitudinis</span> <span class='ocrx_word' id='word_1_249' title='bbox 306 2906 440 2978; x_wconf 82' lang='lat' dir='ltr'>animos,</span> <span class='ocrx_word' id='word_1_250' title='bbox 461 2911 577 2972; x_wconf 86' lang='lat' dir='ltr'>tontum</span> <span class='ocrx_word' id='word_1_251' title='bbox 592 2902 703 2970; x_wconf 89' lang='lat' dir='ltr'>advehi</span> <span class='ocrx_word' id='word_1_252' title='bbox 716 2904 798 2978; x_wconf 74' lang='lat' dir='ltr'>nuti,</span> <span class='ocrx_word' id='word_1_253' title='bbox 819 2910 853 2970; x_wconf 90' lang='lat' dir='ltr'>ut</span> <span class='ocrx_word' id='word_1_254' title='bbox 866 2903 954 2981; x_wconf 85' lang='lat' dir='ltr'>ipsos</span> <span class='ocrx_word' id='word_1_255' title='bbox 970 2919 1071 2969; x_wconf 87' lang='lat' dir='ltr'>emere</span> 
     </span>
     <span class='ocr_line' id='line_1_34' title="bbox 87 2987 1070 3066; baseline -0.002 -14"><span class='ocrx_word' id='word_1_256' title='bbox 87 2993 249 3059; x_wconf 81' lang='lat' dir='ltr'>ltemnnes</span> <span class='ocrx_word' id='word_1_257' title='bbox 269 2990 379 3066; x_wconf 79' lang='lat' dir='ltr'>pessit.</span> <span class='ocrx_word' id='word_1_258' title='bbox 408 2988 592 3066; x_wconf 82' lang='lat' dir='ltr'>apparabat,</span> <span class='ocrx_word' id='word_1_259' title='bbox 618 2987 693 3064; x_wconf 79' lang='lat' dir='ltr'>(tuiti</span> <span class='ocrx_word' id='word_1_260' title='bbox 712 3003 750 3050; x_wconf 84' lang='lat' dir='ltr'>eo</span> <span class='ocrx_word' id='word_1_261' title='bbox 770 2989 867 3058; x_wconf 80' lang='lat' dir='ltr'>oratio</span> <span class='ocrx_word' id='word_1_262' title='bbox 888 2989 918 3050; x_wconf 89' lang='lat' dir='ltr'>in</span> <span class='ocrx_word' id='word_1_263' title='bbox 941 2989 1070 3056; x_wconf 82' lang='lat' dir='ltr'>coneilio</span> 
     </span>
     <span class='ocr_line' id='line_1_35' title="bbox 87 3072 1072 3150; baseline -0.001 -16"><span class='ocrx_word' id='word_1_264' title='bbox 87 3082 210 3144; x_wconf 80' lang='lat' dir='ltr'>rnatum</span> <span class='ocrx_word' id='word_1_265' title='bbox 221 3080 320 3136; x_wconf 80' lang='lat' dir='ltr'>esset:</span> <span class='ocrx_word' id='word_1_266' title='bbox 343 3089 413 3142; x_wconf 83' lang='lat' dir='ltr'>nam</span> <span class='ocrx_word' id='word_1_267' title='bbox 424 3080 454 3136; x_wconf 85' lang='lat' dir='ltr'>et</span> <span class='ocrx_word' id='word_1_268' title='bbox 464 3073 593 3141; x_wconf 77' lang='lat' dir='ltr'>venisse-</span> <span class='ocrx_word' id='word_1_269' title='bbox 600 3089 666 3146; x_wconf 81' lang='lat' dir='ltr'>eos,</span> <span class='ocrx_word' id='word_1_270' title='bbox 680 3078 714 3137; x_wconf 89' lang='lat' dir='ltr'>et</span> <span class='ocrx_word' id='word_1_271' title='bbox 721 3089 802 3148; x_wconf 82' lang='lat' dir='ltr'>quae</span> <span class='ocrx_word' id='word_1_272' title='bbox 812 3083 952 3150; x_wconf 76' lang='lat' dir='ltr'>agerent,</span> <span class='ocrx_word' id='word_1_273' title='bbox 969 3072 1072 3142; x_wconf 82' lang='lat' dir='ltr'>emnia</span> 
     </span>
     <span class='ocr_line' id='line_1_36' title="bbox 87 3155 1071 3234; baseline -0.003 -17"><span class='ocrx_word' id='word_1_274' title='bbox 87 3156 585 3234; x_wconf 77' lang='lat' dir='ltr'>tegetieRemeuisdeferebentur.</span> <span class='ocrx_word' id='word_1_275' title='bbox 600 3165 630 3218; x_wconf 90' lang='lat' dir='ltr'>et</span> <span class='ocrx_word' id='word_1_276' title='bbox 640 3171 827 3232; x_wconf 67' lang='lat' dir='ltr'>quamquam</span> <span class='ocrx_word' id='word_1_277' title='bbox 839 3171 937 3232; x_wconf 71' lang='lat' dir='ltr'>prope</span> <span class='ocrx_word' id='word_1_278' title='bbox 947 3155 1071 3226; x_wconf 66' lang='lat' dir='ltr'>nesciae</span> 
     </span>
     <span class='ocr_line' id='line_1_37' title="bbox 86 3237 1071 3316; baseline 0.003 -12"><span class='ocrx_word' id='word_1_279' title='bbox 86 3259 141 3310; x_wconf 79' lang='lat' dir='ltr'>res,</span> <span class='ocrx_word' id='word_1_280' title='bbox 153 3249 235 3315; x_wconf 78' lang='lat' dir='ltr'>eret,</span> <span class='ocrx_word' id='word_1_281' title='bbox 251 3249 351 3309; x_wconf 81' lang='lat' dir='ltr'>tamen</span> <span class='ocrx_word' id='word_1_282' title='bbox 366 3257 429 3310; x_wconf 87' lang='lat' dir='ltr'>non</span> <span class='ocrx_word' id='word_1_283' title='bbox 444 3240 483 3302; x_wconf 87' lang='lat' dir='ltr'>ab</span> <span class='ocrx_word' id='word_1_284' title='bbox 496 3255 531 3301; x_wconf 90' lang='lat' dir='ltr'>re</span> <span class='ocrx_word' id='word_1_285' title='bbox 545 3255 618 3313; x_wconf 82' lang='lat' dir='ltr'>esse</span> <span class='ocrx_word' id='word_1_286' title='bbox 632 3239 770 3316; x_wconf 77' lang='lat' dir='ltr'>Quinctio</span> <span class='ocrx_word' id='word_1_287' title='bbox 785 3237 887 3308; x_wconf 77' lang='lat' dir='ltr'>visum</span> <span class='ocrx_word' id='word_1_288' title='bbox 905 3247 953 3309; x_wconf 79' lang='lat' dir='ltr'>est</span> <span class='ocrx_word' id='word_1_289' title='bbox 967 3238 1071 3310; x_wconf 70' lang='lat' dir='ltr'>detio·</span> 
     </span>
     <span class='ocr_line' id='line_1_38' title="bbox 86 3322 1071 3402; baseline -0.004 -16"><span class='ocrx_word' id='word_1_290' title='bbox 86 3344 156 3394; x_wconf 81' lang='lat' dir='ltr'>rum</span> <span class='ocrx_word' id='word_1_291' title='bbox 169 3325 295 3402; x_wconf 69' lang='lat' dir='ltr'>adeum</span> <span class='ocrx_word' id='word_1_292' title='bbox 307 3327 428 3402; x_wconf 81' lang='lat' dir='ltr'>legatas</span> <span class='ocrx_word' id='word_1_293' title='bbox 443 3323 593 3390; x_wconf 83' lang='lat' dir='ltr'>interesse</span> <span class='ocrx_word' id='word_1_294' title='bbox 604 3324 633 3391; x_wconf 86' lang='lat' dir='ltr'>ei</span> <span class='ocrx_word' id='word_1_295' title='bbox 645 3323 791 3398; x_wconf 84' lang='lat' dir='ltr'>coneilio,</span> <span class='ocrx_word' id='word_1_296' title='bbox 807 3323 859 3400; x_wconf 80' lang='lat' dir='ltr'>qui</span> <span class='ocrx_word' id='word_1_297' title='bbox 872 3322 1071 3390; x_wconf 82' lang='lat' dir='ltr'>admonerent</span> 
     </span>
     <span class='ocr_line' id='line_1_39' title="bbox 87 3406 1070 3486; baseline -0.007 -14"><span class='ocrx_word' id='word_1_298' title='bbox 87 3413 249 3475; x_wconf 85' lang='lat' dir='ltr'>Romanae</span> <span class='ocrx_word' id='word_1_299' title='bbox 269 3408 426 3476; x_wconf 77' lang='lat' dir='ltr'>saoietads</span> <span class='ocrx_word' id='word_1_300' title='bbox 441 3409 582 3482; x_wconf 79' lang='lat' dir='ltr'>Aetolos,</span> <span class='ocrx_word' id='word_1_301' title='bbox 607 3409 658 3486; x_wconf 91' lang='lat' dir='ltr'>qui</span> <span class='ocrx_word' id='word_1_302' title='bbox 677 3423 787 3478; x_wconf 80' lang='lat' dir='ltr'>vorem</span> <span class='ocrx_word' id='word_1_303' title='bbox 807 3407 933 3469; x_wconf 85' lang='lat' dir='ltr'>liberum</span> <span class='ocrx_word' id='word_1_304' title='bbox 953 3406 1070 3476; x_wconf 85' lang='lat' dir='ltr'>urittere</span> 
     </span>
    </p>
   </div>
   <div class='ocr_carea' id='block_1_3' title="bbox 0 0 1244 3904">
    <p class='ocr_par' dir='ltr' id='par_1_3' title="bbox 0 0 1244 3904">
     <span class='ocr_line' id='line_1_40' title="bbox 0 0 1244 3904; baseline 0 2"><span class='ocrx_word' id='word_1_305' title='bbox 0 0 1244 3904; x_wconf 95' lang='lat' dir='ltr'> </span> 
     </span>
    </p>
   </div>
  </div>
 </body>
</html>
