2482 3900
153 219 200 276 ao
308 209 538 273 Lleaaxlllll.
562 209 757 272 careant.
774 210 973 286 [sussen

156 367 311 443 imposita.
348 380 454 426 carcar
474 365 563 424 etiam
585 363 623 424 ab
637 361 766 423 Rhodiis
784 343 950 438 reiractus,
973 362 1147 438 emissique

157 451 278 528 captivi,
297 465 376 525 quos
388 449 548 524 Philippus
563 455 718 522 tamquam
731 446 762 505 in
777 445 959 507 tutissimam
970 447 1146 507 custodiam

157 535 346 596 condiderat.
370 532 478 593 statuis
493 531 566 590 inde
580 532 662 606 regis
675 531 803 592 deiectis
815 531 1035 606 truncatisque,
1051 530 1145 606 signo

155 617 294 693 receptui
315 618 386 678 dato
409 615 655 676 conscenderunt
675 629 789 688 naves,
816 622 846 675 et
865 613 1038 688 Piraeeum,
1059 615 1148 675 unde

156 702 286 778 proiecti
307 707 408 774 erant,
429 700 594 760 redieruut.
632 698 744 774 quodsi
759 705 874 760 tantum
888 698 1015 758 militum
1030 699 1146 759 Roma·

156 803 264 848 norum
286 786 411 858 luisset,
433 792 467 846 ut
488 791 517 844 et
531 783 650 844 Chalcis
672 784 768 843 teneri
784 789 815 842 et
828 799 890 844 non
905 782 1007 842 deseri
1023 784 1144 857 praesi-

154 871 239 930 dium
259 869 447 932 Athenarum
468 869 635 943 potuisset,
662 883 844 941 magnares
866 865 1019 941 principio
1042 867 1145 927 statim
1233 923 1234 934 ,

154 954 235 1028 belli,
248 953 368 1014 Chalcis
383 959 414 1014 et
423 953 557 1027 Euripus
569 953 712 1027 adempta
722 951 787 1024 regi
803 951 912 1011 forent.
934 965 1004 1010 nam
1018 955 1052 1010 ut
1061 957 1145 1010 terra

152 1037 427 1115 Thermopylarum
446 1036 606 1110 angustiae
623 1035 788 1108 Graeciam,
809 1034 940 1094 itamari
955 1035 1066 1094 iretum
1082 1035 1141 1094 liu·

155 1121 213 1195 ripi
229 1121 350 1180 claudit.

237 1204 344 1264 XXIV.
366 1204 558 1264 Demetriade
569 1201 796 1277 tumPhilippus
810 1207 883 1262 erat.
901 1218 962 1277 quo
975 1217 1045 1262 cum
1057 1208 1144 1262 esset

155 1289 292 1348 nuntiata
309 1289 414 1351 clades
430 1289 535 1348 sociae
550 1287 651 1360 urbis,
674 1301 860 1361 quamquam
876 1301 979 1347 serum
994 1284 1143 1345 auxilium

153 1372 283 1446 perditis
305 1377 384 1445 erat,
406 1378 506 1430 tamen
530 1386 610 1446 quae
625 1369 767 1445 proxima
780 1369 893 1430 auxilio
909 1377 971 1444 est,
992 1370 1141 1431 ultionem

154 1462 273 1530 petens,
282 1469 350 1514 cum
362 1454 514 1528 expeditis
528 1455 663 1529 quinque
675 1451 795 1512 milibus
808 1453 983 1528 peditumet
993 1453 1138 1512 trecentis

154 1535 310 1612 equitibus
325 1537 480 1611 extemplo
494 1539 652 1611 proiectus
665 1551 759 1596 eursu
768 1553 868 1613 prope
880 1537 1055 1598 Chalcidem
1068 1553 1141 1597 con·
1234 1593 1235 1606 ,

153 1620 264 1694 tendit,
286 1620 524 1696 haudquaquam
546 1621 658 1682 dubius
674 1620 805 1695 opprimi
819 1622 976 1682 Romanos
992 1635 1100 1696 posse.
1124 1636 1144 1679 a

156 1719 218 1777 qua
232 1703 395 1764 destitutus
410 1720 477 1779 spe,
494 1721 552 1764 nec
568 1705 732 1780 quicquam
747 1704 830 1764 aliud
846 1705 989 1780 quemad
1001 1705 1144 1764 deforme

155 1788 366 1861 spectaculum
387 1789 551 1848 semirutae
568 1805 605 1848 ac
620 1789 762 1848 fumantis
778 1789 884 1850 sociae
901 1789 986 1849 urbis
1003 1804 1074 1848 oum
1089 1805 1140 1846 ve·

153 1869 261 1946 nisset,
283 1873 391 1948 paucis
406 1873 459 1933 vix
475 1873 527 1949 qui
542 1873 706 1949 sepelirent
719 1872 800 1932 bello
816 1872 997 1948 absumptos
1013 1872 1142 1944 relictis,

154 1971 253 2030 aeque
267 1953 376 2032 raptim
393 1973 429 2017 ac
442 1965 577 2032 venerat,
591 1965 805 2036 transgressus
817 1962 913 2032 ponte
923 1957 1072 2032 Euriprun
1085 1967 1145 2032 per

152 2039 313 2099 Boeotiam
339 2041 475 2102 Athenas
502 2043 599 2115 ducit,
629 2041 696 2116 pari
721 2041 844 2116 incepto
872 2040 956 2101 haud
982 2041 1143 2115 disparem

153 2130 296 2184 eventum
309 2132 394 2186 ratus
408 2141 641 2201 responsurum.
668 2133 698 2186 et
711 2124 934 2200 respondisset
951 2126 981 2184 ni
997 2125 1143 2200 specula·

152 2215 201 2268 tor
212 2239 253 2251 —
265 2209 518 2270 hemerodromos
528 2215 641 2270 vocant
652 2209 768 2283 Graeci,
784 2209 894 2284 ingens
907 2210 957 2268 die
969 2225 1031 2268 uno
1045 2223 1145 2270 cursu

153 2292 333 2354 emetientes
362 2293 494 2367 spatium
509 2293 788 2369 —contemplatus
816 2293 934 2368 regium
963 2307 1075 2366 agruen
1102 2307 1143 2351 ex
1235 2337 1236 2340 η

153 2375 283 2450 specula
304 2377 452 2452 quadam,
472 2391 677 2453 praegressus
692 2385 782 2437 nocte
797 2377 898 2436 media
912 2377 1052 2436 Athenas
1068 2391 1143 2451 per·

153 2459 300 2520 venisset.
332 2461 413 2520 idem
434 2461 475 2521 ibi
497 2478 624 2522 somnus
650 2461 821 2536 eademque
846 2460 1041 2534 neglegentia
1064 2467 1144 2534 erat,

154 2559 233 2620 quae
254 2543 428 2605 Chalcidem
453 2547 520 2606 dies
548 2554 618 2606 ante
643 2561 762 2622 paucos
791 2543 980 2620 prodiderat.
1014 2543 1142 2604 excitati

152 2629 259 2690 nuntio
271 2629 392 2705 trepido
405 2637 435 2690 et
445 2637 569 2705 praetor
579 2629 811 2690 Atheniensium
823 2627 1036 2704 etllioxippus
1047 2643 1141 2703 prae·

153 2711 251 2772 iectus
273 2712 408 2774 cohortis
429 2715 571 2774 mercede
592 2713 780 2774 militantium
797 2713 996 2786 auxiliorum,
1020 2728 1141 2773 convo-

153 2793 229 2853 catis
245 2796 276 2852 in
298 2797 398 2856 lorum
412 2796 556 2858 militibus
576 2795 651 2856 tuba
664 2797 784 2869 signum
800 2811 839 2856 ex
854 2812 926 2858 arce
941 2797 1007 2859 dari
1022 2797 1142 2871 iubent,

153 2883 186 2935 ut
199 2875 299 2936 hostis
314 2878 428 2938 adesse
443 2895 549 2940 omnes
565 2879 687 2940 scirent.
709 2879 750 2940 ita
760 2879 900 2956 undique
911 2881 952 2942 ad
964 2887 1083 2956 portae,
1099 2881 1142 2940 ad

153 2975 258 3019 rnuros
270 2961 453 3023 discurrunt.
476 2977 593 3037 paucas
606 2970 679 3036 post
689 2962 783 3024 horas
794 2963 966 3040 Philippus,
978 2965 1141 3040 aliquanto

154 3058 253 3102 umen
268 3051 338 3104 ante
352 3047 467 3120 lucem,
486 3048 740 3122 appropinquans
755 3048 839 3120 urbi,
856 3049 1034 3123 conspectis
1050 3047 1140 3108 lumi·

153 3126 242 3187 nibus
264 3127 380 3189 crebris
402 3136 433 3189 et
453 3130 573 3191 iremitu
586 3130 743 3192 hominum
757 3133 975 3208 trepidantium
991 3138 1026 3192 ut
1039 3133 1070 3190 in
1086 3133 1140 3192 tali

152 3213 281 3272 tumultu
305 3212 450 3273 exaudito
472 3215 616 3275 sustinuit
637 3215 741 3292 signa,
766 3223 797 3277 et
817 3217 982 3278 considere
1005 3232 1042 3275 ac
1064 3231 1139 3278 con·

153 3298 312 3370 quiescere
327 3313 435 3372 agmen
450 3299 548 3374 iussit,
563 3300 594 3359 vi
604 3307 710 3376 aperta
725 3302 885 3376 propalam
896 3317 1021 3373 usurus,
1039 3316 1137 3375 quan-

153 3379 193 3438 do
209 3396 317 3453 parum
332 3383 423 3443 dolus
438 3384 603 3458 prolueret.
631 3385 670 3444 ab
685 3385 798 3463 Dipylo
813 3386 955 3446 accessit.
983 3392 1075 3460 porta
1091 3399 1137 3456 ea,

152 3463 234 3522 velut
254 3464 282 3521 in
304 3481 358 3524 ore
377 3466 462 3526 urbis
484 3469 601 3542 posita,
623 3469 720 3528 maior
740 3469 897 3543 aliquanto
919 3468 1137 3544 patentiorque
