2506 3898
196 197 259 262 282
336 195 450 258 LlBEtt
463 193 610 255 xxxvii.
632 191 715 251 cll.
730 199 830 252 aeas.
853 196 974 263 [aue.
987 195 1049 262 eoa]

197 349 363 408 circaeam
377 349 463 403 erant
473 358 568 402 naves
580 340 873 416 capessuntiugam;
889 355 947 399 nec
957 339 1081 417 insequi
1092 339 1175 417 Rho-

197 431 239 491 dii
254 445 294 489 ex
313 441 424 502 magna
443 432 529 501 parte
543 423 643 499 aegris
659 431 689 485 et
703 423 743 485 oh
756 423 789 482 id
803 424 932 484 celerius
946 423 1040 484 fessis
1054 425 1176 498 remigi-

201 515 258 573 bus
273 517 445 587 potuerunt
474 523 543 568 cum
556 508 587 566 in
601 509 672 579 alto,
693 506 745 566 ubi
759 504 965 578 substiterant,
982 507 1053 568 cibo
1067 507 1176 567 retice-

198 601 265 656 rent
279 595 376 668 vires,
398 593 619 666 contemplatus
632 590 788 650 Eudamus
803 589 901 650 hostis
916 589 1045 651 claudas
1059 591 1176 650 mutila·

197 687 307 753 tueque
327 691 422 736 naves
442 676 556 750 apertis
577 673 707 734 navibus
726 674 861 734 remulco
882 672 1046 748 trahentis,
1073 674 1177 748 viginti

198 761 291 836 paulo
306 758 435 834 arnplius
450 759 584 834 integras
598 756 800 829 abscedentis,
816 771 834 816 e
848 757 922 816 turri
936 757 1113 831 praetoriae
1127 772 1177 816 na·

197 845 245 905 vis
260 843 379 903 silentio
394 841 475 901 laeto
490 839 693 916 „exsurgite,“
707 838 807 915 inquit
819 845 872 913 „et
885 839 1042 915 mamam
1057 847 1178 916 specta-

198 927 299 986 culum
310 925 464 1000 capessite
475 925 603 984 oculis.“
626 937 848 984 consurrexere
859 937 976 997 omnes,
988 924 1179 998 contempla-

77 1005 80 1012 '
198 1009 282 1084 tique
302 1003 1179 1084 trepidationemlugamquehostium,acpropeunavoce

200 1107 307 1153 omnes
318 1099 352 1152 ut
363 1098 563 1167 sequerentur
574 1091 829 1150 exclamaverunt.
851 1088 951 1163 ipsius
959 1089 1095 1148 Eudami
1105 1091 1179 1149 mul-

198 1175 237 1236 tis
252 1174 364 1236 ictibus
386 1175 542 1235 vulnerata
555 1175 642 1234 navis
657 1179 737 1232 erat:
758 1170 975 1246 Pamphilidam
990 1179 1022 1232 et
1036 1172 1178 1232 Charicli-

200 1267 261 1318 tum
276 1259 405 1334 insequi,
421 1259 525 1334 quoad
535 1263 676 1334 putarent
685 1263 791 1328 tutum,
806 1253 905 1316 iussit
927 1254 1122 1331 aliquamdiu
1133 1271 1178 1314 se

199 1342 260 1402 cuti
285 1351 370 1402 sunt=
405 1350 569 1417 postquam
593 1345 692 1400 terrae
719 1337 988 1415 appropinquabat
1012 1338 1177 1410 Hannibal,

200 1423 287 1484 veriti
298 1440 337 1484 ne
348 1424 574 1484 includerentur
585 1432 677 1483 vento
689 1423 719 1482 in
730 1422 864 1484 hostiurn
875 1437 938 1495 ora,
954 1422 993 1483 ad
1004 1421 1178 1482 Eudamum

198 1507 312 1568 revecti
326 1507 483 1582 hepterem
500 1513 632 1581 captam,
654 1521 733 1581 quae
747 1506 845 1581 primo
861 1519 1015 1565 concursu
1029 1502 1095 1566 icta
1108 1513 1179 1576 erat,

199 1605 291 1664 aegre
310 1588 502 1649 Phaselidem
523 1596 744 1663 pertraxerunt.
778 1588 850 1649 inde
869 1586 1011 1650 Rhodum
1032 1603 1100 1650 non
1122 1595 1179 1648 tam

198 1671 326 1732 victoria
346 1672 432 1746 laeti,
454 1688 545 1748 quam
565 1673 643 1732 alius
658 1672 750 1732 alium
770 1676 965 1745 accusantes,
989 1671 1093 1746 quod,
1115 1687 1179 1732 cnm

199 1755 358 1829 potuisset,
372 1771 434 1816 non
450 1756 549 1816 omnis
567 1771 737 1818 summersa
750 1761 803 1815 aut
816 1760 906 1829 capta
919 1755 1030 1816 classis
1046 1754 1178 1816 hostium

199 1839 291 1911 loret,
307 1839 471 1900 redierunt.
501 1839 652 1900 Hannibal
666 1839 765 1900 victus
780 1853 842 1900 uno
858 1837 974 1912 proelio
990 1839 1129 1900 adverso
1144 1853 1179 1898 ne
1236 1835 1237 1925 l

198 1928 262 1982 tum
277 1923 400 1998 quidem
413 1922 604 2000 praetervehi
614 1923 740 2001 Lyciam
750 1920 784 1959 ⁴¹*
795 1921 935 1993 audebat,
952 1937 1022 1982 eum
1033 1920 1178 1996 coniungi

199 2007 295 2066 veteri
309 2008 412 2081 regiae
427 2008 519 2068 elassi
535 2022 626 2082 quam
642 2005 770 2081 primum
785 2009 921 2080 cuperet.
941 2021 981 2066 ne
990 2004 1025 2064 id
1035 2005 1065 2066 ci
1077 2007 1179 2066 iacere
1235 2081 1236 2088 ἵ

198 2088 327 2149 hberum
353 2097 450 2163 esset,
476 2089 588 2150 Rhodii
609 2089 799 2150 Chariclitum
825 2104 894 2150 oum
919 2089 1026 2163 viginti
1047 2089 1178 2149 natibus
1235 2093 1236 2177 l

198 2173 337 2232 rostratis
359 2172 399 2230 ad
412 2171 520 2232 Patara
539 2178 569 2231 et
581 2171 729 2247 Megisten
750 2179 872 2247 portum
891 2170 1050 2233 miserunt.
1078 2173 1178 2232 Euda·

198 2269 280 2312 mum
295 2269 364 2313 cnm
379 2254 638 2328 septemnavibus
649 2256 789 2316 maximis
803 2271 842 2315 ex
853 2256 1012 2329 caelasse,
1028 2256 1080 2316 oui
1091 2271 1178 2332 prae

199 2336 306 2408 luerat,
322 2335 446 2397 Samum
461 2336 563 2398 redire
577 2340 618 2399 ad
630 2339 788 2400 Romanos
802 2339 965 2411 iusserunt,
982 2345 1018 2398 nt
1031 2345 1179 2415 quantum
1234 2383 1235 2431 ,

197 2419 343 2493 consilio,
366 2427 510 2496 quantum
524 2424 703 2483 auctoritate
717 2425 839 2496 valeret,
854 2421 1053 2497 compelleret
1065 2423 1178 2484 Roma·

198 2518 256 2564 nos
271 2504 311 2564 ad
323 2503 432 2566 Patara
448 2506 665 2581 oppugnanda.
1233 2573 1234 2592 χ

281 2585 373 2648 XXV.
388 2588 682 2663 MagnamRomanis
693 2588 836 2650 laetitiam
846 2589 932 2666 prius
943 2589 1094 2650 victoriae
1102 2607 1178 2651 nun·
1233 2599 1234 2684 l

197 2669 266 2744 tius,
284 2669 396 2731 deinde
410 2672 559 2734 adventus
575 2675 672 2734 attulit
684 2671 888 2734 Rhodiorum
911 2679 942 2733 et
955 2671 1137 2749 apparebat,
1152 2671 1176 2733 si

197 2753 325 2814 Rhodiis
346 2768 384 2814 ea
399 2768 473 2815 cura
487 2755 610 2832 dempta
624 2757 745 2829 luisset,
767 2771 883 2818 vacuos
898 2771 953 2818 eos
968 2763 1032 2817 tuta
1046 2758 1115 2818 elus
1130 2773 1175 2818 re
1232 2765 1233 2802 ³

197 2833 296 2909 gionis
312 2836 407 2896 maria
420 2843 641 2910 praestaturos.
661 2840 720 2899 sed
733 2841 880 2915 protectio
895 2839 1038 2901 Antiochi
1053 2840 1094 2900 ab
1106 2839 1175 2901 Sar·

198 2917 300 2990 dibus,
324 2932 363 2976 ne
378 2918 622 2994 opprimerentur
641 2922 808 2984 maritimae
819 2923 923 2998 urbes,
937 2923 1111 2984 abscedere
1125 2941 1174 2984 cu·

197 2999 299 3060 stodia
312 3001 417 3062 Ioniae
431 3007 523 3078 atque
535 3003 675 3066 Aeolidis
690 3005 853 3080 prohibuit.
873 3006 1097 3083 Pamphilidam
1107 3023 1172 3068 cum

198 3091 342 3160 quattuor
355 3085 486 3147 navibus
500 3088 588 3148 tectis
603 3089 643 3149 ad
657 3104 725 3149 eam
739 3091 872 3150 classem
883 3105 963 3165 quae
972 3087 1057 3152 cirea
1065 3089 1172 3152 Patara

196 3175 263 3230 erat
275 3167 432 3230 miserunt.
453 3171 621 3232 Antiochus
632 3188 693 3232 non
705 3171 870 3234 civitatium
879 3174 983 3248 modo,
1000 3189 1082 3249 quae
1094 3175 1173 3234 circa
1230 3193 1231 3196 ¹

198 3266 234 3310 se
255 3259 355 3328 erant,
378 3253 764 3330 conuohebatpraesidim
786 3255 844 3317 sed
865 3255 905 3317 ad
916 3255 1055 3318 Prusiam
1068 3257 1171 3334 Bithy·
1228 3253 1229 3260 ἶ

196 3333 266 3394 niae
285 3350 389 3410 regem
405 3337 523 3412 legatos
537 3335 663 3398 miserat
675 3337 868 3416 litterasque,
889 3340 1000 3416 qulbus
1013 3341 1170 3402 transitum

196 3419 224 3470 tn
240 3417 347 3476 Asiam
367 3419 571 3480 Romanorum
591 3419 778 3496 increpabat.
809 3423 914 3484 venire
934 3439 989 3484 eos
1009 3421 1051 3484 ad
1071 3422 1169 3484 omnic
