2506 3898
234 227 349 289 LIBER
359 227 520 290 XXXVlll.
543 229 681 302 celtae.
693 239 737 293 23.
757 238 794 304 [a.
807 237 838 288 C·
852 238 913 305 189]
998 231 1062 295 339

79 395 138 475 per
151 377 284 440 tumulos
305 377 389 453 telis,
410 385 444 439 ut
462 378 590 441 missilia
603 381 797 455 sufficerent,
819 381 903 442 hand
920 399 1015 458 segne
1030 384 1061 444 id

79 479 181 540 rpsum
203 469 323 537 tempus
346 469 590 539 consumpserat.
623 463 682 524 iarn
703 466 811 528 eastris
830 467 1060 544 appropinqua·

79 548 168 616 bant;
191 553 221 606 et
236 545 326 620 Galli,
348 562 387 606 ne
402 563 510 622 parurn
524 563 560 608 se
574 547 759 610 munimenta
773 566 832 612 sua
845 557 997 626 tegerent,
1013 567 1060 610 or·

69 630 150 702 ‚mati
170 645 227 706 pro
246 631 327 690 vallo
343 631 550 694 constiterant.
586 632 687 694 obruti
707 633 820 695 deinde
841 636 923 695 omui
948 650 1062 710 genere
1152 651 1155 656 ·

78 715 216 787 telorum,
232 728 301 774 cum
317 731 378 788 quo
394 711 498 791 plures
514 724 606 790 atque
621 716 782 778 densiores
799 724 893 792 erant,
911 719 1061 780 eominus

76 797 149 857 vani
176 798 340 874 quiequam
365 799 559 861 intercideret
582 801 648 874 teli,
677 801 755 861 intra
774 802 886 864 vallum
907 809 1060 865 momento

77 880 226 958 temporis
242 883 465 958 compelluntur
479 883 661 945 stationibus
675 890 790 946 tautum
805 885 901 946 firmis
916 889 957 948 ad
971 887 1060 963 ipsos

76 966 178 1028 aditus
200 973 356 1042 portarurn
374 967 497 1028 relictis.
531 969 561 1027 in
581 968 801 1030 multitudinem
823 972 1013 1046 compulsam
1029 969 1060 1032 in

77 1057 180 1111 eastra
199 1050 248 1111 vis
263 1049 371 1125 ingens
385 1050 545 1111 missilium
558 1052 687 1112 telorum
704 1051 927 1125 coniciebatur;
950 1059 980 1115 et
993 1056 1058 1115 vul-

76 1135 178 1194 nerari
191 1134 311 1196 multos
335 1136 451 1196 clamor
470 1135 821 1210 permixtusmulierum
841 1143 933 1213 atque
949 1153 1058 1212 puero·

76 1236 144 1280 rum
160 1217 329 1295 ploratibus
345 1218 547 1294 significabat.
570 1219 600 1278 in
612 1234 677 1294 eos,
695 1217 746 1294 qui
760 1227 865 1295 portas
877 1221 1059 1282 stationibus

76 1303 142 1364 suis
170 1304 357 1377 clauserant,
384 1303 537 1379 legionum
557 1303 749 1378 antesignani
771 1304 833 1379 pila
853 1302 1058 1366 coniecerunt.

76 1388 113 1448 iis
125 1403 200 1448 vero
208 1402 270 1447 non
276 1387 522 1462 vulnerabantur,
530 1388 587 1450 sed
598 1387 852 1449 transverberatis
864 1387 960 1450 scutis
968 1387 1058 1464 pleri-

77 1488 138 1548 que
154 1471 232 1534 inter
246 1487 282 1532 se
296 1470 429 1532 conserti
440 1470 621 1542 haerebant;
643 1487 700 1532 nee
716 1471 827 1533 diutius
842 1471 987 1550 impetum
997 1473 1058 1532 Ro·
1121 1529 1130 1544 ,
1243 1463 1244 1538 f

76 1571 238 1616 manorum
267 1555 484 1616 sustinuerunt.
517 1553 621 1614 XXill.
656 1549 832 1631 patentibus
861 1555 921 1617 iarn
949 1554 1057 1633 portis,

76 1640 258 1715 priusquam
272 1639 475 1714 irrumperent
487 1639 636 1714 victores,
658 1640 730 1714 fuga
745 1655 763 1700 e
778 1637 888 1701 eastris
904 1641 1058 1704 Gallorum

76 1723 106 1783 in
123 1723 224 1784 omnis
241 1730 344 1798 partes
360 1723 440 1783 iacta
453 1730 510 1782 est.
531 1729 624 1782 ruunt
638 1723 723 1783 caeci
738 1739 794 1798 per
808 1723 884 1798 vias,
900 1739 956 1800 per
966 1723 1058 1797 invia,

77 1809 162 1867 nulla
176 1806 354 1882 praecipitia
369 1820 461 1876 saxa,
477 1805 579 1864 nullae
593 1821 687 1880 rupes
703 1805 834 1881 obstant,
849 1807 921 1867 nihil
938 1813 1059 1882 praeter

76 1891 198 1952 hostem
212 1895 357 1950 metuunt.
395 1889 498 1964 itaque
514 1885 653 1964 plerique
668 1889 853 1964 praecipites
869 1905 925 1966 per
939 1897 1058 1951 vastam

77 1973 266 2035 altitudinem
292 1971 429 2049 prolapsi
453 1979 506 2034 aut
530 1971 674 2033 debilitati
696 1971 915 2033 exanimantur.
949 1975 1058 2035 consul

77 2056 175 2133 captis
197 2056 306 2118 eastris
327 2056 497 2132 direptione
512 2055 689 2132 praedaque
699 2055 836 2117 abstinet
848 2056 986 2117 militamt
1009 2069 1057 2117 se·

78 2141 130 2216 qui
151 2155 208 2217 pro
230 2156 265 2202 se
287 2155 440 2216 quemque
460 2145 491 2200 et
504 2140 618 2200 instare
632 2147 663 2200 et
677 2140 827 2216 perculsis
843 2155 988 2216 pavorem
1004 2139 1057 2200 ad-

78 2225 152 2284 dere
166 2224 257 2284 iubet.
294 2225 471 2300 supervenit
485 2230 516 2284 et
528 2225 655 2283 alterurn
670 2239 738 2284 oum
753 2224 786 2284 L.
802 2223 915 2286 Manlio
930 2239 1040 2301 agmen
1048 2248 1066 2294 ς.

77 2323 134 2368 nec
155 2323 211 2370 eos
233 2315 334 2368 castra
351 2307 463 2368 intrare
484 2307 569 2379 sinit,
598 2308 739 2382 protinus
760 2307 801 2368 ad
822 2307 1058 2384 persequendos

78 2391 176 2454 hostis
190 2391 284 2452 mittit.
311 2391 422 2466 etipse
436 2391 527 2466 paulo
543 2398 614 2465 post
627 2391 737 2450 tradita
751 2393 940 2465 captivorum
955 2398 1057 2453 custo·

78 2473 128 2534 dia
141 2475 269 2536 tribunis
284 2475 409 2536 militum
425 2471 577 2549 sequitur,
600 2472 784 2533 debellatum
797 2479 898 2548 ratus,
915 2474 941 2533 si
959 2474 990 2533 in
1005 2472 1057 2534 illo

80 2574 194 2632 pavore
209 2575 300 2634 quam
317 2557 435 2635 plurimi
450 2556 533 2618 eaesi
548 2557 648 2616 forent
661 2563 715 2617 aut
729 2556 819 2630 capti.
842 2571 970 2632 egresso
984 2571 1056 2617 con-

79 2643 143 2704 sule
159 2643 191 2703 G.
206 2642 332 2703 Helvius
347 2657 416 2702 cum
430 2641 517 2701 tertio
533 2639 653 2716 agmine
668 2637 806 2714 advenit,
828 2655 886 2700 nec
901 2640 1058 2700 continere

80 2741 152 2786 suos
171 2727 211 2787 ab
231 2726 403 2803 direptione
423 2730 593 2785 castrorum
612 2723 722 2794 valoit;
752 2723 930 2799 praedaque
951 2737 1060 2782 eorum

80 2807 272 2886 iniquissima
285 2817 377 2886 sorte,
393 2809 445 2886 qui
461 2823 583 2885 pugnae
598 2823 659 2884 non
674 2807 886 2882 interfuerant,
905 2807 986 2868 facta
1000 2813 1057 2867 cst.

80 2893 197 2969 equites
213 2894 266 2956 diu
275 2893 373 2970 ignari
386 2900 416 2954 et
426 2907 547 2972 pugnae
558 2898 588 2952 et
598 2891 742 2952 victoriae
754 2907 880 2952 suorum
892 2897 1059 2963 steteruntg

81 2977 189 3040 deinde
210 2983 240 3040 et
253 2979 495 3055 ipsi‚·quantum
516 2975 604 3052 equis
627 2975 732 3036 subire
752 2981 905 3052 poterant,
927 2990 1057 3052 sparsos

81 3061 151 3136 fugo
166 3063 269 3124 Gallos
290 3063 372 3124 cirea
389 3061 511 3122 radices
531 3059 653 3120 montis.
665 3061 833 3120 consectati
849 3060 990 3120 cecidere
1005 3065 1060 3117 aut

81 3159 199 3221 cepere.
235 3161 379 3206 numerus
404 3144 630 3204 interfectorum
650 3143 733 3204 haud
754 3143 842 3203 facile
862 3141 930 3201 iniri
950 3141 1058 3217 potuit,

81 3227 151 3302 quia
164 3233 225 3291 late
240 3245 295 3306 per
309 3228 584 3290 omnis-amfractus
599 3227 745 3288 montium
758 3227 891 3300 fugaque
903 3229 933 3284 et
944 3223 1057 3284 caedes

82 3311 149 3383 fuit;
170 3323 200 3376 et
213 3329 323 3391 magna
337 3329 410 3388 pars
424 3310 552 3386 rupibus
564 3309 653 3371 inviis
665 3311 695 3370 iu
708 3307 879 3385 profundae
890 3305 1056 3367 altitudinis

82 3399 234 3460 convalles
256 3398 460 3473 dempserat,
483 3409 556 3470 pars
571 3393 602 3453 in
618 3393 704 3454 silvis
718 3391 929 3469 vepribusque
942 3389 1055 3451 occiso.

81 3475 236 3557 Claudius,
253 3481 367 3558 quibis
381 3485 548 3556 pugnatum
563 3478 593 3537 in
610 3475 740 3554 Olympo
756 3481 858 3619 mog?
874 3472 993 3546 sarmit,
1016 3469 1057 3530 ad
