2482 3900
266 240 382 302 LIBER
392 239 496 300 XXXI.
519 239 601 300 CAP.
616 247 659 303 45.
671 249 715 304 46.
736 247 772 316 [a.
785 248 817 300 C·
829 248 892 316 200]
1022 244 1062 307 41

81 395 143 472 piis
158 391 300 468 adgressi
314 391 432 464 urbem,
454 405 523 451 cum
536 393 639 454 multis
654 394 832 456 vulneribus
847 395 964 470 repulsi
977 425 1021 436 -
1035 405 1065 457 et

80 484 148 540 erat
168 475 302 539 validum
323 474 365 535 ibi
384 475 502 550 regium
523 476 857 550 praesidium-irrito
880 479 1002 554 incepto
1017 496 1063 540 re·

80 561 182 639 gressi
205 558 246 621 ad
258 559 475 620 Canastraeum
487 558 626 620 Pallenes
641 561 798 622 traiecere.
830 562 903 624 iode
918 571 1066 639 superato

80 650 223 708 Toronae
241 643 458 720 <promunturio
483 643 663 719 navigantes
682 646 855 707 Acanthum
875 647 1000 723 petiere.
1023 647 1065 708 ibi

81 731 182 808 primo
194 743 273 803 ager
285 734 434 802 vastatus,
449 727 561 788 deiude
574 727 645 804 ipsa
657 729 730 790 urbs
742 730 773 788 vi
785 737 876 807 uapta
886 747 923 792 ac
935 732 1064 807 direpta.

80 831 138 876 nee
158 815 242 875 ultra
262 812 473 887 progressi-
489 811 549 873 iem
570 813 694 874 minet
709 829 823 889 graves
838 816 956 890 praeda
969 831 1065 878 naves

80 899 238 960 habebant
247 927 290 940 -
299 902 391 968 retro,
407 896 490 956 unde
502 904 659 970 venerant,
675 896 832 960 Sciathum
847 906 878 960 et
891 900 930 960 ab
942 897 1066 960 Sciatho

79 983 241 1044 Euboeam
254 985 407 1055 repetunt

166 1065 273 1125 XLVI.
292 1063 345 1124 'Ibi
369 1063 474 1125 relicta
498 1065 601 1124 classe
625 1063 732 1126 decem
755 1066 887 1127 navibus
912 1067 1066 1142 expeditis

81 1151 183 1212 sinum
195 1148 358 1208 Maliacum
379 1149 532 1208 intravere
552 1148 593 1208 ad
614 1149 851 1223 colloquendum
865 1165 935 1211 eum
948 1152 1065 1219 Aetolia

83 1237 122 1296 de
134 1232 398 1308 rationegereudi
412 1231 493 1292 belli.
518 1231 666 1311 Pyrrhias
679 1233 809 1294 Aetolus
822 1233 969 1310 princeps
984 1235 1065 1309 lega—

82 1320 176 1381 tionis
194 1318 269 1378 eius
291 1317 361 1390 luit,
387 1331 468 1392 quae
487 1317 528 1377 ad
549 1315 804 1378 communicanda
824 1317 954 1378 consilia
972 1318 1062 1378 Hera·

83 1405 182 1464 oleam
195 1417 266 1462 aum
280 1415 355 1476 rege
369 1406 399 1460 et
412 1417 482 1462 eum
496 1401 635 1462 Romano
646 1402 747 1476 legato
761 1401 853 1463 venit.
887 1402 1013 1478 petitum
1027 1417 1066 1462 ex
1134 1445 1137 1450 ·

81 1489 211 1549 loedere
223 1486 266 1546 ab
280 1487 382 1546 Attalo
397 1493 458 1560 est,
479 1491 513 1546 ut
525 1485 607 1545 mille
620 1484 731 1546 milites
745 1492 931 1561 praestaret:
952 1493 1068 1548 tantum

80 1573 163 1633 enim
178 1586 339 1630 numerauu
353 1569 464 1628 bellum
479 1569 655 1644 gerentibus
668 1569 821 1632 adversus
831 1569 1004 1646 Philippum
1015 1571 1067 1633 de·

79 1656 184 1716 babet.
207 1653 240 1713 id
254 1659 397 1728 negatum
410 1653 537 1728 Aetolis,
555 1653 640 1730 quod
654 1653 697 1714 illi
711 1671 836 1732 quoqne
850 1655 966 1730 gravati
981 1654 1068 1730 prius

78 1744 192 1802 essent
211 1738 253 1798 ad
273 1738 482 1814 populandam
494 1737 708 1799 Macedoniam
728 1739 828 1812 exue,
851 1754 912 1814 quo
930 1745 1071 1815 tempore

77 1823 226 1900 Philippo
248 1822 331 1882 cirea
343 1822 525 1897 Pergamum
544 1829 653 1883 urente
674 1837 764 1882 sacra
786 1823 977 1898 profanaque
997 1823 1067 1884 abs·

77 1908 206 1969 trahere
231 1921 301 1967 eum
329 1907 402 1966 inde
428 1912 573 1983 respectu
601 1923 703 1968 rerum
731 1922 855 1968 suarum
884 1907 1069 1982 potuissent.

77 1992 120 2054 ita
139 1991 247 2051 Aetoli
269 2007 337 2052 cum
359 2007 416 2066 spe
436 1991 534 2066 ragis
549 1989 701 2055 Romanis
722 1991 824 2052 omnia
845 1990 1069 2065 pollicentibus,

80 2091 180 2152 quam
191 2090 266 2142 ,earm
277 2075 395 2136 auxilio
411 2075 537 2136 dimissi.
566 2075 717 2151 Apustius
734 2091 803 2136 cum
817 2075 919 2136 Attalo
936 2073 976 2134 ad
991 2073 1069 2136 clas·

77 2177 146 2221 sem
162 2159 253 2219 redit.
778 2153 786 2166 '

169 2243 247 2302 inde
268 2243 374 2318 agitari
395 2243 435 2303 de
456 2241 535 2304 Oreo
556 2243 768 2318 oppugnando
790 2249 942 2319 coeptum.
966 2241 1070 2302 valida

77 2345 115 2388 ea
129 2327 247 2388 civitas
263 2333 294 2386 et
306 2327 477 2402 moenibus,
492 2333 522 2388 et
537 2327 609 2402 quia
620 2334 690 2387 ante
701 2327 801 2388 luerat
811 2332 964 2404 temptata,
980 2325 1069 2386 firmo

77 2419 147 2474 erat
171 2410 341 2486 praesidio.
374 2411 594 2472 coniunxerant
614 2427 650 2471 se
663 2411 702 2471 iis
724 2417 798 2485 post
811 2409 1070 2486 expugnationem

76 2494 184 2556 Andri
199 2510 271 2556 oum
285 2495 442 2570 praelecto
457 2493 674 2569 Agesimbroto
688 2494 794 2568 viginti
807 2494 947 2554 Rhodiae
961 2508 1069 2566 naves,

77 2587 184 2641 tectae
211 2593 328 2640 omnes.
364 2593 431 2638 eam
452 2579 583 2639 classem
604 2579 635 2636 in
657 2577 820 2638 stationem
842 2577 881 2636 ad
898 2575 1070 2636 Phalasiam

77 2661 489 2724 miserunt—ledaeotidis
517 2677 613 2737 super
636 2659 862 2721 Demetriadem
890 2666 1069 2735 promunto-

77 2748 164 2808 rium
187 2753 484 2822 estperopportnne
499 2745 651 2807 obiectum
661 2777 720 2820 -—,
740 2749 775 2805 ut
788 2743 816 2804 si
832 2743 906 2820 quid
919 2743 991 2805 inde
1005 2759 1070 2805 mo·

78 2830 408 2902 verentlllaeedonum
421 2846 527 2904 naves,
542 2829 572 2888 in
586 2827 741 2905 praesidio
754 2833 868 2890 essent.
882 2828 1071 2890 Heraclides

79 2916 263 2991 praelectus
277 2915 382 2990 regius
397 2916 530 2974 classem
545 2914 586 2974 ibi
600 2915 732 2988 tenebat,
747 2913 845 2989 magis
860 2929 917 2990 per
931 2913 1070 2976 occasio-

78 3016 162 3074 nem,
179 3000 208 3059 si
223 3015 317 3074 qnam
330 2999 524 3074 neglegentia
536 2998 672 3059 hostium
689 2999 837 3072 dedisset,
858 3014 950 3075 quam
965 3003 1071 3074 aperta

79 3084 110 3144 vi
134 3085 304 3159 quiequam
324 3099 469 3144 ausurus.
500 3081 611 3144 Oreum
631 3083 747 3144 diversi
759 3083 890 3146 Romani
904 3089 1003 3146 etnex
1016 3082 1070 3141 At-

78 3169 165 3229 talus
188 3167 425 3243 oppugnabant,
450 3168 581 3228 Romani
595 3184 613 3227 a
627 3167 787 3229 marituma
809 3183 896 3242 arce,
920 3165 995 3240 regii
1016 3164 1070 3224 ad-

79 3267 197 3312 versus
218 3252 329 3311 vollem
343 3251 428 3312 inter
451 3252 530 3312 duas
550 3253 701 3314 iacentem
719 3267 825 3328 arcae,
852 3265 914 3326 qua
933 3257 965 3308 et
982 3263 1071 3307 muro

78 3336 273 3412 intersaepta
286 3335 364 3396 urbs
377 3343 434 3396 est.
463 3343 494 3396 et
507 3343 539 3395 ut
553 3338 623 3397 loca
637 3335 768 3410 diversa,
780 3335 831 3396 sie
845 3331 962 3407 dispari
976 3330 1070 3392 modo

80 3417 177 3480 etiam
199 3420 435 3495 oppugnabant:
468 3421 625 3481 Romanus
645 3419 849 3480 testudinibus
871 3423 902 3475 et
919 3414 1019 3476 vineis
1041 3423 1071 3476 et

79 3501 181 3564 ariete
202 3505 397 3564 admovendo
419 3505 529 3578 muris,
551 3503 627 3577 regii
646 3503 776 3564 ballistis
797 3499 1020 3576 catapultisque
1040 3507 1070 3559 et
