2506 3898
239 205 527 268 nmunmmvru.
552 204 633 266 car.
648 214 713 269 aa.
737 213 819 284 [ec.
833 215 898 285 rso]
996 209 1062 274 ata

78 362 162 424 simul
177 361 209 420 in*
222 358 434 420 Athamaniam
448 359 536 420 redit.
563 360 722 420 Xenonem
736 360 808 420 inde
822 376 891 422 eum
906 360 988 422 mille
1000 380 1054 440 pe-

78 445 186 506 ditibus
203 445 408 520 praemissum
421 442 584 519 Ethopiam
600 459 754 519 occupare
769 443 866 518 iubet,
883 453 1060 522 opportune

76 529 236 604 Argitheae
257 528 476 596 imminentem
506 543 597 604 quem
617 527 670 588 ubi
691 526 787 588 teneri
809 529 848 588 ab
870 531 934 590 suis
954 533 1057 592 locum

75 613 160 686 vidit,
182 614 251 688 ipse
272 612 355 672 circa
377 613 520 687 templum
535 611 617 673 lovis
632 612 743 672 Acraei
759 613 863 687 posuit
877 624 988 676 castra.
1014 615 1059 676 ibi-

75 691 165 758 um'rm
179 695 261 757 diem
272 697 366 756 foeda
379 703 560 772 tempestate
574 703 720 772 retentus
737 704 863 772 postero
880 697 929 758 die
941 701 1060 760 ducere·

76 779 296 856 adArgitheam
308 779 444 842 intendit.
461 779 767 857 cuntibusextemplo
779 797 953 858 apparuere
960 783 1054 846 Atha-

75 881 177 926 uranos
192 864 222 924 in
238 867 371 926 tumulos
393 863 577 926 imminentis
591 864 661 926 viae
676 865 894 930 discurrentes.
922 869 963 928 ad
978 885 1054 944 quo-

75 966 137 1009 rum
154 957 355 1026 conspectum
372 949 539 1010 constitere
553 950 650 1026 prima
664 951 769 1025 signa,
790 959 919 1028 totoque
933 954 1058 1030 agmim

74 1050 166 1109 pavor
181 1041 211 1094 et
224 1033 387 1108 trepidatio
403 1039 483 1104 erat;
505 1041 535 1094 et
549 1050 606 1108 pro
621 1050 657 1094 se
673 1033 806 1110 quisque
818 1034 962 1110 quidnam
976 1039 1054 1100 lutu-

73 1135 135 1177 rum
151 1125 236 1180 esset
254 1117 406 1193 cogitare,
428 1117 499 1181 siin
517 1119 615 1178 valles
630 1119 785 1179 subiectas
799 1119 928 1194 rupibus
944 1137 1057 1196 agmen

74 1203 148 1264 loret
162 1203 341 1267 demissum.
363 1203 440 1264 haec
455 1201 646 1264 tumultuatio
662 1217 766 1278 regem
778 1203 961 1280 cupientem,
976 1205 1004 1265 si
1019 1221 1055 1265 se

74 1293 287 1362 sequerentur,
307 1285 419 1362 raptim
434 1287 567 1348 evadere
583 1287 755 1363 angustias,
775 1304 924 1349 revocare
938 1288 1058 1364 primos

73 1377 101 1430 et
120 1372 229 1432 eadem
251 1387 312 1446 qua
331 1379 459 1432 venerat
472 1371 522 1431 via
537 1373 652 1432 reterre
667 1371 770 1446 coegit
782 1372 881 1448 signa.
909 1373 1054 1434 Athama·

74 1470 126 1514 nes
147 1455 245 1530 primo
269 1472 307 1515 ex
332 1455 491 1516 intervallo
513 1456 607 1532 quieti
630 1457 853 1532 sequebantur:
886 1465 1059 1534 postquam

73 1539 169 1599 Aetoli
184 1555 220 1600 se
234 1539 468 1615 coniunxerunt,
483 1539 552 1614 hos,
568 1547 601 1602 ut
615 1541 653 1601 ab
668 1547 755 1618 tergo
771 1539 884 1617 agmini
898 1542 1056 1616 instarent,

74 1623 277 1699 reliquerunt,
294 1625 354 1699 ipsi
370 1625 408 1684 ab
423 1624 569 1686 lateribus
585 1641 621 1686 se
636 1626 912 1700 circumfuderunt,
930 1627 1058 1702 quidam

71 1716 235 1778 pernotus
258 1709 351 1768 calles
371 1709 514 1770 breviore
537 1709 588 1768 via
608 1711 783 1785 praegressi
805 1712 950 1774 transitus
972 1711 1050 1770 inse·

72 1791 159 1860 dere;
187 1797 366 1866 tantumque
382 1793 527 1868 tumultus
541 1793 764 1854 Macedonibus
780 1802 828 1854 est
842 1795 1000 1867 iniectum,
1024 1802 1055 1856 ut

71 1875 160 1948 lugae
181 1875 278 1951 magis
300 1875 419 1936 effusae
441 1892 533 1952 quam
554 1875 670 1937 itineris
692 1876 824 1938 ordinati
844 1879 936 1940 modo
951 1880 1054 1940 multis

70 1957 160 2018 armis
186 1958 325 2036 virisque
349 1960 462 2020 relictis
489 1959 603 2020 ilumen
625 1959 807 2022 traiecerint.
842 1961 892 2021 hic
912 1962 983 2022 linis
1005 1977 1053 2022 se-

71 2041 183 2115 quendi
198 2044 263 2104 luit.
285 2043 357 2104 iude
372 2051 435 2106 tuto
450 2043 638 2105 Macedones
655 2045 814 2122 Gomphos
830 2052 893 2106 eta
905 2045 1053 2122 Gomphis

70 2121 99 2183 in
109 2124 322 2189 Macedoniarn
333 2129 500 2190 redieruut.
515 2129 704 2201 Athamanes
714 2130 880 2206 Aetolique
891 2129 1054 2206 Ethopiam

71 2207 108 2268 ad
124 2209 284 2273 Xenonem
305 2227 342 2274 ac
362 2211 444 2274 mille
460 2213 650 2275 Macedonas
673 2215 895 2292 opprimendos
914 2215 1054 2291 undique

73 2304 298 2358 concurrerunt.
325 2297 637 2374 Macedonesparum
652 2299 722 2361 loco
737 2301 805 2361 lreti
820 2300 859 2360 ab
874 2299 1053 2376 Ethopiam

72 2375 207 2442 altiorem¹
224 2382 497 2458 deruptioremque
519 2382 658 2458 undique
680 2386 827 2444 tumulum
849 2394 1055 2455 concessum

73 2475 129 2534 quo
150 2467 291 2540 pluribus
312 2483 352 2526 ex
373 2465 450 2526 locis
473 2465 558 2526 aditu
579 2466 704 2528 invento
726 2470 874 2542 expulere
888 2483 944 2527 eos
959 2467 1053 2526 Atha-

70 2558 181 2624 manes,
197 2550 424 2627 dispersosque
440 2557 470 2611 et
483 2565 541 2626 per
554 2551 637 2610 invia
650 2557 742 2626 atque
757 2551 877 2626 ignotas
889 2565 985 2625 rupes
997 2550 1053 2610 iter

72 2627 157 2704 lugae
177 2652 241 2697 uon
262 2632 457 2712 expedientis
477 2634 587 2710 partim
608 2642 757 2711 ceperunt
770 2634 879 2710 partim
893 2633 1053 2695 interiece-

70 2721 145 2776 runt.
168 2717 254 2782 multi
268 2734 385 2795 pavore
399 2719 430 2778 in
446 2719 575 2794 derupta
585 2716 796 2796 praecipitati,
818 2715 968 2794 perpauci
984 2733 1057 2778 oum

70 2793 193 2864 Xenone
215 2805 256 2865 ad
276 2819 381 2879 regem
402 2811 575 2864 evaserunt.
608 2810 719 2879 postea
738 2819 795 2879 per
815 2803 948 2864 indutias
963 2817 1052 2878 sepe·

71 2877 159 2944 liendi
175 2903 286 2950 caesos
301 2895 441 2964 potestas
455 2889 535 2948 lecta
549 2895 605 2948 est.

150 2970 201 3031 lll.
223 2973 426 3052 Amynander
439 2979 622 3048 recuperato
637 2988 734 3047 regno
752 2974 871 3047 legatos
883 2978 914 3032 et
923 2973 1055 3033 Romam

72 3047 109 3107 ad
129 3063 269 3118 senatum
290 3065 320 3118 et
340 3057 380 3116 ad
396 3055 559 3132 Scipiones
580 3057 611 3116 in
632 3057 751 3130 Asiam,
773 3054 891 3133 Ephesi
903 3064 976 3130 post
989 3071 1051 3114 ma-

72 3145 159 3204 gnum
175 3156 245 3202 cum
255 3140 408 3202 Antiocho
421 3141 573 3218 proelium
583 3147 747 3216 morantes,
763 3141 854 3202 misit.
877 3155 985 3215 pacem
997 3155 1051 3214 pe·

71 3217 159 3296 tabat,
176 3226 410 3300 excusabatque
423 3241 504 3298 sese,
520 3226 604 3302 quod
618 3239 676 3301 per
688 3227 818 3287 Aetolos
833 3227 1053 3298 recuperasset
1128 3261 1130 3266 -

72 3306 230 3370 Paternum
243 3325 388 3386 regnum,
410 3309 583 3386 Philippum
594 3309 766 3371 incusabat.
788 3307 890 3370 Aetoli
904 3305 1048 3368 exAtha·

72 3387 169 3450 mania
183 3393 213 3452 in
225 3393 448 3470 Amphilochos
463 3392 595 3470 proiecti
608 3400 688 3469 suut,
703 3402 734 3454 et
747 3391 872 3453 maioris
887 3389 982 3467 partis
995 3405 1051 3450 vo-

73 3465 181 3535 luntate
195 3478 225 3538 in
240 3477 289 3540 ius
303 3477 518 3556 dicionemque
529 3485 623 3544 totam
635 3479 822 3554 redegerunt
833 3483 964 3553 gentem.
978 3475 1051 3536 Am
