2482 3900
312 239 426 300 Ltsstlt
440 239 558 300 xlttlll.
582 239 664 298 CAP.
679 247 723 301 33.
746 247 782 314 [a.
796 247 829 298 C.
846 247 906 312 tell
1054 239 1095 305 77

111 407 214 468 aeque
235 389 399 452 difficulter
418 392 520 452 Aetoli
542 401 713 468 praetorem
734 391 827 455 alium
848 411 885 455 ac
905 395 1094 462 Macedones

109 493 218 552 regem
229 473 259 534 in
272 491 371 536 meum
383 477 484 536 locum
495 475 710 540 substituant.“
731 479 901 540 seeundum
913 480 989 542 haec
1003 481 1091 543 silen-

110 559 188 621 tium
203 557 268 620 luit.
310 556 442 618 XXXlll.
465 575 535 618 curn
549 561 705 621 Romanus
721 577 791 622 eum
806 578 938 640 aequum
953 576 1094 627 censeret

112 643 250 719 priorem
272 641 390 716 dicere,
414 641 466 718 qui
486 642 617 718 petisset
638 644 840 720 colloquium,
862 664 919 708 rex
939 647 1006 710 eius
1022 666 1094 710 esse

111 725 249 803 priorem
264 725 442 800 orationem,
458 726 510 801 qui
526 727 612 787 daret
622 727 709 803 pacis
723 729 818 804 leges,
833 747 895 791 non
909 731 960 806 qui
972 733 1093 810 accipe-

110 818 175 883 ret,
195 818 259 872 tum
278 811 436 870 Romanus
457 809 626 886 simplicem
648 828 735 872 suam
751 813 921 876 orationem
942 830 1029 878 esse:
1056 833 1095 876 ea

112 893 195 956 enim
211 909 246 954 se
261 892 427 966 dicturum,
443 910 523 969 quae
537 894 568 954 ni
582 895 671 968 liant,
687 897 770 956 nulle
783 896 823 958 sit
837 897 924 974 pacis
940 899 1093 960 condicio.

111 978 297 1040 deducenda
312 992 351 1036 ex
363 976 504 1038 omnihus
513 977 659 1040 Graeciae
674 979 847 1042 civitatibus
862 981 928 1057 regi
938 983 1094 1058 praesidia
1124 995 1135 1012 ·

110 1078 201 1134 esse;
226 1060 366 1136 captivos
387 1069 417 1121 et
436 1062 612 1136 transfugas
633 1063 729 1124 sociis
750 1063 858 1138 populi
878 1066 1009 1126 Romani
1024 1067 1092 1127 red·

110 1145 252 1215 dendos;
272 1143 461 1205 restituenda
474 1143 622 1206 Romanis
637 1161 675 1206 ea
688 1145 802 1223 lllyrici
822 1147 904 1222 loca,
927 1165 1008 1224 quee
1021 1160 1095 1224 post

110 1245 223 1305 pacem
243 1227 273 1287 in
294 1226 387 1304 Epiro
409 1229 520 1290 luctam
540 1238 742 1306 occupassem
766 1228 942 1292 Ptolemaeo
957 1233 1092 1308 Aegypti

109 1312 179 1387 regi
194 1311 369 1372 reddendas
384 1313 493 1387 urbes,
519 1329 598 1389 quas
618 1323 692 1388 post
711 1311 915 1390 Philopatoris
929 1314 1093 1376 Ptolemaei

109 1405 240 1456 mortem
256 1395 482 1472 occupavisset.
518 1413 592 1458 suas
608 1397 779 1473 populique
792 1397 922 1458 Romani
938 1397 1094 1460 condicio-

110 1497 170 1540 nes
184 1480 240 1540 has
260 1495 347 1540 esse:
372 1489 507 1542 ceterum
522 1489 553 1542 et
567 1481 686 1542 socium
706 1480 804 1542 audiri
819 1482 974 1556 postulata
987 1499 1092 1544 verum

109 1580 195 1624 esse.
238 1563 331 1626 Attali
346 1563 429 1638 regis
446 1565 565 1638 legatus
586 1581 682 1626 naves
704 1565 926 1642 captivosque,
953 1582 1032 1642 quae
1054 1567 1091 1625 ad

109 1647 220 1708 Chium
236 1647 336 1710 navali
351 1646 470 1722 proelio
487 1655 578 1724 capta
591 1657 706 1724 essent,
721 1657 753 1709 et
762 1647 981 1724 Nicephorium
990 1649 1092 1710 Vene-

107 1731 220 1808 risque
239 1732 402 1806 templum,
424 1748 505 1807 quae
519 1732 687 1807 spoliasset
702 1741 953 1808 evastassetque,
975 1751 1031 1810 pro
1048 1733 1091 1794 in·

107 1815 267 1890 corruptis
291 1814 420 1876 restitui.
461 1815 573 1878 Rhodii
593 1815 738 1876 Peraeam
763 1851 798 1860 -
821 1815 907 1892 regio
926 1825 974 1878 est
997 1816 1092 1879 conti·

107 1897 214 1960 nentis
228 1900 380 1960 adversus
395 1897 541 1971 insulem,
561 1907 702 1960 vetustae
723 1915 829 1960 eornm
844 1897 976 1962 dicionis
990 1937 1030 1947 -
1045 1918 1091 1960 re-

106 1983 271 2059 petebant,
297 1983 556 2059 postulabantque
576 1982 732 2058 praesidia
753 1983 864 2044 deduci
886 1984 924 2044 ab
944 1985 1013 2045 Iaso
1031 1992 1093 2045 eta

105 2065 266 2143 Bargyliis
278 2065 547 2128 etEuromensium
559 2067 635 2126 urbe
647 2075 677 2126 et
687 2066 718 2126 in
730 2067 931 2142 Hellesponto
946 2065 1036 2128 Sesto
1049 2076 1092 2128 at·

107 2167 175 2226 que
190 2150 321 2228 Abydo,
342 2159 372 2211 et
385 2150 559 2212 Perinthum
573 2150 731 2226 Byzantiis
752 2149 782 2210 in
804 2150 921 2226 antiqui
934 2151 1091 2212 formulam

104 2233 188 2297 iuris
202 2233 336 2307 restitui,
351 2241 381 2295 et
392 2233 514 2295 liberari
530 2234 632 2296 omnia
643 2234 737 2294 Asiae
756 2234 893 2310 emporia
910 2245 1091 2311 portusque.

107 2317 230 2379 Achaei
246 2317 422 2378 Corinthum
437 2327 467 2378 et
479 2321 581 2392 Argos
596 2319 786 2394 repetebant.
830 2328 954 2394 praetor
967 2320 1091 2380 Aetolo·
1151 2376 1157 2388 ,

105 2419 178 2462 rum
186 2400 346 2462 Phaeneas
354 2417 423 2462 cum
431 2404 538 2464 eadem
551 2403 615 2463 lere
628 2402 854 2477 quaehomani²
863 2411 896 2462 ut
903 2401 1031 2462 Graecia
1039 2403 1090 2461 de-

106 2487 283 2556 cederetur,
297 2486 494 2560 postulasset,
507 2485 895 2563 redderenturqueAetolis
907 2486 1000 2546 urbes
1012 2501 1092 2559 quae

106 2569 271 2646 quondam
285 2568 360 2630 iuris
375 2587 412 2630 ac
427 2569 558 2631 dicionis
569 2586 677 2628 eorum
692 2568 832 2641 luissent,
847 2568 969 2642 excepit
981 2567 1091 2628 oratio-

107 2669 183 2714 nem
211 2651 278 2712 eius
303 2651 449 2729 princeps
473 2655 652 2714 Aetolorum
678 2651 870 2723 Alexander,
895 2650 942 2710 vir
961 2658 995 2711 ut
1014 2650 1093 2712 inter

105 2737 241 2800 Aetolos
258 2737 419 2798 facundus.
460 2737 520 2798 iam
542 2737 657 2796 dudum
679 2752 714 2797 sc
733 2734 862 2796 reticere
877 2733 933 2808 ait,
953 2751 1091 2810 nonque

107 2820 280 2896 quicquam
294 2819 344 2895 agi
359 2827 444 2896 putet
458 2837 496 2881 eo
515 2818 683 2895 colloquio,
705 2819 761 2880 sed
776 2835 815 2882 oe
831 2836 922 2894 quem
938 2818 1092 2880 sociorum

106 2905 265 2964 dicentem
287 2903 467 2980 interpellet.
509 2921 566 2965 nec
588 2905 627 2964 de
648 2919 726 2980 paee
748 2919 816 2964 cum
837 2903 899 2964 ilde
918 2901 1091 2980 Philippum

105 3003 214 3064 agere,
230 3003 288 3048 noe
303 2989 384 3048 bella
397 3005 471 3048 vera
486 2987 595 3050 virtute
607 3005 751 3064 umquam
767 2986 915 3062 gessisse.
952 2987 982 3048 in
998 2989 1091 3049 collo·

107 3071 195 3147 quiis
216 3070 355 3132 insidiari
377 3082 407 3132 et
428 3081 566 3148 coptare3
592 3073 723 3134 inbelle
745 3089 806 3132 non
828 3071 976 3148 congredi
990 3087 1091 3146 aequo

106 3171 223 3230 campo
246 3171 348 3230 neque
369 3155 466 3231 signis
488 3155 607 3230 collatis
629 3155 789 3231 dimicare,
815 3156 872 3216 sed
892 3155 1091 3230 refugientem

106 3238 280 3299 incendere
292 3253 329 3299 ao
342 3239 475 3315 diripere
486 3241 579 3302 urbes
592 3248 621 3300 et
633 3241 817 3302 vincentium
830 3237 967 3315 praemia
978 3235 1090 3296 victum

106 3339 321 3398 eorrumpere.
344 3333 374 3384 at
388 3339 449 3384 non
464 3323 609 3400 enhquos
623 3325 827 3386 Macedonum
840 3337 939 3398 reges,
955 3319 1012 3380 sed
1024 3319 1091 3380 acie

106 3407 227 3466 bellare
249 3407 374 3480 solitos,
397 3406 525 3468 urbibus
546 3425 673 3484 parcere
695 3416 840 3482 quantum
861 3410 1006 3480 possent,
1028 3419 1090 3478 quo

106 3491 289 3566 opulentius
306 3491 453 3552 haberent
467 3490 636 3566 imperium.
675 3509 746 3550 nam
762 3492 801 3550 de
817 3503 948 3563 quorum
963 3503 1090 3563 posses·
