2480 3904
237 275 353 335 LIBER
364 271 497 334 XXXVI.
520 275 602 335 CAP.
618 283 644 337 9.
657 283 700 338 10.
722 283 757 350 [a.
770 283 802 335 C·
815 285 877 350 191]
983 279 1045 342 229

61 425 293 490 se'rhessallam
305 425 446 485 intrasse.
467 423 577 485 similia
588 426 626 486 iis
639 427 691 502 qui
705 443 774 488 cum
785 427 929 492 Pheraeis
941 441 1046 508 ageret

60 511 186 576 missus.
209 509 258 570 eui
272 509 356 570 nullo
372 509 443 569 dato
457 523 629 585 responso,
643 510 771 590 Pheraei
782 513 843 588 ipsi
858 515 990 589 legatum
1005 517 1045 576 ad

66 605 165 672 tegern
180 591 350 670 principem
369 592 498 654 ciuitatis
513 592 696 655 Pausaniam
717 595 883 668 miserunt;
907 600 1045 675 quicum

59 680 144 742 haud
158 676 318 738 dissimilia
333 676 380 752 iis,
395 683 429 737 ut
442 677 472 736 in
488 693 584 762 causa
598 679 678 754 pari,
698 695 778 756 quae
792 693 849 758 pro
866 683 1043 744 Chalciden-

58 765 148 825 sibus
163 763 194 822 in
210 761 365 837 colloquio
380 761 421 820 ad
434 761 540 837 Euripi
555 763 665 823 fretum
680 763 761 825 dicta
775 773 876 843 erant,
892 769 1043 844 quaedam

57 849 151 908 etiam
165 846 299 907 ferocius
316 845 445 921 egisset,
471 861 527 906 rex
549 847 638 908 etiam
659 854 752 924 atque
768 851 858 910 etiarn
874 851 1044 912 deliberare

57 948 115 993 eos
127 931 248 1005 iussos,
262 946 303 990 ne
313 929 346 990 id
357 929 476 990 consilii
491 939 652 1006 caperent,
669 933 765 1008 cuius,
782 935 855 995 dum
866 935 898 995 in
909 937 1044 998 futurum

56 1016 150 1076 nimis
166 1015 247 1076 cauti
262 1021 292 1075 et
306 1014 428 1090 providi
444 1023 564 1088 essent,
586 1018 741 1092 extemplo
755 1019 939 1093 paeniteret,
957 1021 1042 1080 dimi-

56 1101 107 1160 sit.
130 1099 211 1160 haec
223 1099 394 1160 renuntiata
407 1097 523 1161 Pheras
538 1101 651 1174 legatio
667 1115 736 1160 cum
750 1109 848 1175 esset,
865 1117 904 1162 ne
918 1105 1041 1178 paulum

57 1185 186 1260 quidem
207 1184 398 1256 dubitarunt,
422 1184 494 1258 quin
516 1200 572 1260 pro
594 1184 656 1244 lide
671 1201 745 1260 erga
759 1185 931 1262 Romanos,
955 1187 1042 1262 quid·

56 1269 136 1345 quid
150 1269 215 1329 iors
229 1268 302 1328 belli
321 1267 457 1342 ledisset,
482 1276 668 1343 paterentur.
699 1269 802 1344 itaque
823 1269 903 1330 ethi
924 1285 1043 1330 summa

57 1369 120 1430 ope
138 1350 287 1428 parabant
300 1367 336 1412 se
350 1352 391 1412 ad
404 1353 512 1412 urbem
530 1353 769 1428 defendendam,
792 1361 821 1415 et
835 1370 891 1414 rex
906 1355 944 1415 ab
961 1356 1042 1415 omni

55 1444 147 1513 parte
162 1437 251 1496 simul
267 1450 449 1512 oppugnare
470 1437 592 1498 moenia
614 1445 662 1498 est
685 1438 870 1513 adgressus;
894 1445 924 1498 et
943 1447 975 1499 ut
991 1439 1041 1513 qui

55 1522 135 1583 satis
149 1521 339 1595 intellegeret
351 1553 389 1564 -
405 1535 508 1596 neque
523 1521 603 1581 enim
618 1521 743 1582 dubium
758 1529 875 1583 erat-
886 1523 916 1582 in
931 1530 1043 1582 eventu

56 1605 126 1666 eius
141 1604 227 1665 urbis
242 1603 378 1680 positum
393 1619 480 1678 esso,
503 1621 595 1681 quam
614 1607 743 1682 primam
764 1606 932 1683 adgressus
949 1614 1042 1680 esset,

57 1697 110 1754 eut
125 1688 232 1765 sperni
246 1688 358 1749 deinde
379 1687 417 1748 ab
438 1689 584 1750 universa
605 1697 695 1765 gente
709 1690 927 1752 Thessalorum
942 1698 994 1751 aut
1007 1691 1042 1750 ti·

55 1773 134 1834 meri
149 1789 200 1847 se,
222 1788 343 1834 ornnem
362 1772 500 1849 undiquc
519 1779 668 1834 terrorem
684 1774 823 1836 obsessis
837 1775 948 1836 iniecit.
981 1775 1042 1850 pri-

55 1873 141 1918 mum
151 1856 299 1932 impetum
307 1857 544 1932 oppugnationis
553 1858 810 1918 satisconstanter
818 1859 1042 1918 sustinueruntz

57 1941 174 2002 deiude
188 1956 257 2001 eum
270 1942 356 2002 multi
371 1947 603 2018 propugnantes
619 1943 764 2002 caderent
781 1948 833 2002 aut
848 1943 1042 2001 vulneraren-

56 2034 122 2100 tur,
138 2025 244 2086 labare
259 2025 350 2087 animi
366 2033 542 2100 coeperunt.
565 2025 702 2086 revocati
714 2025 826 2086 deinde
838 2023 1042 2099 castigationi·

54 2110 118 2171 bus
140 2109 313 2185 principum
335 2110 376 2170 ad
397 2111 657 2185 perseverandum
679 2110 709 2168 in
733 2109 910 2186 proposito,
937 2109 1042 2168 relicto

57 2193 215 2254 exteriore
230 2194 343 2255 circulo
359 2194 452 2267 muri,
468 2193 679 2254 deficientibus
695 2193 755 2255 iam
766 2195 865 2270 copiis
877 2194 906 2254 in
918 2191 1043 2253 ulterio-

54 2294 124 2338 rem
139 2284 259 2354 partem
274 2278 358 2338 urbis
369 2285 609 2353 concesserunt,
632 2279 681 2338 eui
701 2279 825 2340 brevior
845 2277 928 2338 orbis
946 2277 1044 2336 muni-

55 2363 153 2424 tionis
169 2363 383 2424 oircumiectus
398 2369 471 2422 erat.
495 2369 651 2438 postremo
667 2362 737 2422 victi
759 2363 846 2422 malis
869 2378 937 2422 eum
958 2361 1043 2421 tirne-

55 2453 141 2520 rent,
164 2463 205 2506 ne
224 2447 255 2506 vi
276 2447 374 2522 captis
396 2447 479 2506 nulla
500 2446 583 2523 apud
597 2445 745 2506 victorem
760 2446 851 2506 venia
865 2451 964 2515 esset,
991 2443 1044 2502 de-

58 2531 207 2592 diderant
231 2545 312 2592 sese.
355 2529 430 2591 nihil
454 2530 526 2590 inde
550 2536 687 2590 moratus
712 2545 768 2588 rex
796 2533 939 2602 quattuor
963 2525 1046 2585 milia

57 2622 262 2689 armatorum,
289 2607 361 2674 dum
384 2629 495 2674 reeens
515 2620 614 2674 terror
639 2619 737 2688 esset,
765 2611 928 2674 Scotusam
953 2607 1044 2668 misit.

57 2715 119 2759 nee
132 2699 177 2759 ibi
190 2715 277 2760 mora
292 2699 456 2760 deditionis
468 2705 516 2758 est
528 2699 617 2772 lacta,
634 2695 828 2758 comentibus
839 2694 1045 2754 Pheraeorum

56 2798 172 2844 reeens
184 2785 367 2858 exemplum,
384 2783 436 2860 qui
450 2782 534 2858 quod
545 2781 741 2858 pertinaciter
752 2781 850 2856 primo
866 2779 1044 2851 abnuerant,

56 2869 140 2928 malo
155 2867 261 2929 domiti
271 2867 395 2928 tandem
407 2866 564 2928 iecissent.
587 2883 657 2928 cum
668 2866 738 2942 ipsa
746 2861 1045 2940 urbeHippolochus

56 2951 340 3028 Larisaeorumque
352 2953 487 3012 deditum
500 2959 547 3012 est
557 2950 755 3029 praesidium.
791 2948 909 3011 dimissi
921 2947 959 3008 ab
972 2961 1045 3021 rege

56 3035 198 3098 inviolati
214 3051 336 3110 omnes,
360 3037 445 3112 quod
466 3052 534 3096 eam
553 3053 618 3096 rem
638 3033 740 3110 magni
754 3033 899 3095 momenti
914 3034 1046 3092 hrturam

57 3137 117 3181 rex
131 3121 173 3180 ad
188 3121 401 3182 conciliandos
415 3121 630 3182 Larisaeorum
646 3121 764 3181 animos
780 3119 933 3180 credebat.

144 3203 183 3266 X.
216 3205 300 3266 Intra
324 3206 476 3266 decimum
497 3205 577 3265 diem
599 3220 691 3280 quam
711 3203 826 3264 Pheras
848 3206 973 3265 venerat
997 3195 1046 3256 his

57 3290 209 3365 perlectis
233 3289 404 3352 Cranonem
423 3291 581 3365 proiectus
604 3305 673 3350 cum
698 3294 762 3349 tote
783 3283 923 3372 exercitu
949 3283 1045 3358 primo

58 3375 198 3436 adventu
223 3373 314 3452 oepit.
349 3375 421 3434 inde
442 3374 574 3435 Cierium
600 3379 630 3434 et
650 3372 845 3446 Metropolim
871 3375 901 3428 et
923 3366 961 3426 iis
989 3365 1069 3446 eir·¹

60 3459 215 3520 cumiecta
239 3459 366 3520 castella
388 3459 521 3535 recepit;
553 3458 718 3533 omniaque
738 3457 797 3515 iarn
817 3451 953 3526 regionis
979 3449 1046 3510 eius

57 3551 184 3618 praeter
204 3545 350 3604 Atracem
374 3549 403 3604 et
425 3543 594 3622 Gyrtonem
614 3543 645 3602 in
667 3545 818 3618 potestate
844 3543 940 3598 crant.
974 3541 1047 3595 tunc
