2480 3904
158 243 222 312 174
300 244 414 306 LIBER
429 241 563 304 XXXIV.
584 241 667 301 cAP.
681 249 726 306 ol.
738 249 782 304 62.
805 248 840 315 [a.
851 246 887 300 U.
900 264 924 301 a.
936 247 999 315 559]

157 399 226 461 silio
247 396 441 470 Hannibalis,
466 395 494 454 si
515 395 629 454 absens
654 410 780 471 quoque
800 411 900 456 novas
918 396 1018 457 moliri
1038 413 1090 458 res
1111 406 1140 460 et

158 482 350 545 sollicitando
378 480 497 540 animos
526 478 683 540 hominum
714 479 838 540 turbore
867 487 978 541 statum
1010 481 1139 544 civitatis

158 573 276 645 posset
307 563 483 626 Aristonem
505 563 673 638 quendam,
694 563 818 642 Tyrium
840 564 1007 638 advenam,
1027 565 1137 626 instru-

158 660 239 713 ctum
262 649 414 708 mandatis
436 648 475 707 ab
495 647 666 707 Hannibale
678 654 717 707 el
734 661 809 722 rege
828 647 983 710 Antiocho
1005 651 1139 722 venisse,

158 740 259 796 certos
274 731 413 794 homines
430 730 566 807 quotidie
580 747 648 791 cum
664 746 701 790 eo
717 737 837 792 secreto
851 732 1007 808 colloquia
1017 748 1140 803 serere;

157 820 188 879 in
204 817 323 879 occulto
345 816 438 890 coqui
453 815 537 892 quod
551 831 624 878 mox
638 815 669 875 in
685 815 818 876 onmium
834 815 1000 891 perniciem
1016 824 1141 892 eruptu-

156 919 224 964 rum
245 907 338 962 esset.
371 900 565 961 conclamare
580 915 688 960 omncs
702 899 807 959 vocari
825 901 1002 961 Aristonem
1017 900 1141 974 debere,

158 994 188 1048 ct
202 984 308 1060 quaeri
330 983 405 1059 quid
426 983 577 1058 venisset,
599 989 630 1043 et
642 983 701 1044 nisi
715 991 925 1059 expromeret,
948 999 1017 1044 cum
1032 985 1142 1059 legatis

156 1069 286 1134 Romam
302 1067 387 1129 mitti.
424 1067 500 1128 satis
515 1083 572 1142 pro
587 1067 754 1128 temeritate
768 1067 859 1128 unius
874 1067 1006 1130 hominis
1022 1067 1141 1144 suppli-

160 1155 275 1215 ciorum
295 1167 426 1228 pensum
447 1166 527 1214 esso.
561 1151 698 1226 privatos
715 1167 772 1212 suo
787 1151 923 1228 periculo
939 1159 1141 1228 peccaturam

158 1253 224 1298 rem
249 1237 402 1312 publicam
427 1253 489 1298 non
510 1241 598 1295 extra
616 1251 729 1296 noxam
750 1235 842 1296 modo
865 1236 922 1298 sed
943 1235 1033 1296 etiam
1056 1244 1142 1298 extra

159 1321 270 1382 lamam
285 1335 387 1382 noxae
399 1319 642 1382 conservandam
651 1335 732 1381 esse.
752 1326 880 1381 vocatus
891 1321 996 1382 Aristo
1008 1336 1143 1396 purgare

160 1420 241 1476 sese,
256 1412 287 1464 et
300 1405 475 1465 firmissimo
491 1405 724 1480 propugnaculo
738 1404 782 1464 uti
794 1405 878 1480 quod
889 1405 1058 1466 litterarum
1070 1404 1142 1463 nihil
1226 1405 1227 1454 ἒ

159 1490 200 1549 ad
220 1503 404 1564 quemquam
425 1488 584 1548 attulisset.
617 1495 751 1548 ceterum
771 1503 829 1548 nec
850 1503 976 1550 oausam
990 1490 1142 1549 adventur

161 1571 237 1634 salis
258 1570 457 1647 expediebat,
477 1578 507 1632 ct
521 1571 551 1630 in
566 1587 603 1632 eo
618 1572 750 1632 maxime
763 1571 950 1648 haesitabat,
972 1573 1057 1649 quod
1075 1589 1142 1633 cum

158 1655 308 1716 Barcinae
330 1657 430 1716 solum
451 1655 593 1716 factionis
613 1655 786 1718 hominibus
809 1657 993 1718 collocutum
1008 1673 1079 1717 eum
1096 1674 1141 1717 ar·

159 1737 301 1813 guebant.
337 1745 403 1800 orla
423 1737 494 1799 inde
515 1741 670 1802 altercatio
692 1747 754 1815 est,
780 1741 848 1802 aliis
870 1758 927 1818 pro
948 1743 1145 1818 speculatore

160 1821 380 1897 comprehendi
393 1823 453 1884 iam
468 1829 498 1884 et
512 1825 659 1886 custodiri
674 1824 857 1900 iubentibus,
877 1825 944 1887 aliis
959 1824 1143 1899 negantibus

159 1906 360 1968 tumultuandi
376 1922 500 1968 causam
512 1924 593 1969 esse.
613 1909 683 1970 mali
694 1923 758 1974 rem
769 1909 901 1985 exempli
914 1924 986 1972 esse
997 1911 1038 1969 de
1048 1909 1142 1969 nihilo

159 1989 300 2065 hospites
316 1991 438 2067 corripi.
460 1991 541 2052 idem
554 1991 851 2068 Carthaginiensibus
867 1995 979 2073 elTpri
990 1995 1063 2054 etin
1076 1993 1143 2054 aliis

160 2075 315 2150 emporiis,
331 2074 361 2136 in
374 2091 453 2150 quae
464 2078 640 2152 frequenter
651 2087 830 2153 commeant,
843 2086 1033 2139 eventurum.
1049 2078 1143 2138 dilate
1225 2141 1226 2146 ,

161 2171 198 2216 eo
214 2158 264 2217 die
284 2174 335 2218 res
350 2167 406 2220 est.
439 2160 542 2220 Aristo
557 2159 671 2221 Punico
692 2161 814 2236 ingenio
836 2163 914 2223 inter
926 2161 1050 2223 Poenos
1065 2178 1141 2223 usus
1225 2159 1226 2218 l

159 2241 287 2300 tabellas
303 2242 494 2318 conscriptas
511 2243 711 2304 celeberrimo
725 2245 795 2307 loco
811 2262 906 2322 super
920 2245 1026 2307 sedem
1043 2247 1142 2322 quoti·
1225 2257 1226 2268 ¹

161 2323 281 2384 dianam
303 2326 532 2401 magistratuum
554 2328 653 2403 prima
673 2343 806 2404 vespera
820 2329 997 2406 suspendit,
1019 2331 1090 2406 ipse
1104 2331 1142 2390 de

161 2408 249 2468 tertia
267 2408 371 2483 vigilia
391 2426 499 2472 navem
521 2413 702 2473 conscendit
721 2419 751 2473 et
770 2416 914 2490 profugit
947 2421 1075 2489 postero
1094 2414 1142 2474 dle

162 2507 231 2552 cum
252 2494 367 2556 sufetes
390 2495 430 2554 ad
450 2494 498 2556 ius
520 2495 682 2558 dicendum
704 2499 932 2574 consedissent,
954 2505 1142 2574 conspectae

160 2576 290 2637 tabellae
310 2577 514 2654 demptaeque
535 2583 690 2642 allectae.
727 2582 873 2657 scriptum
888 2589 953 2642 erat
968 2581 1141 2644 Aristonem

161 2659 302 2735 privatim
316 2663 356 2722 ad
370 2662 530 2738 neminem,
546 2665 668 2740 publice
683 2665 723 2725 ad
737 2666 877 2727 seniores
891 2698 935 2710 -
946 2666 988 2726 ita
1002 2673 1142 2737 senatum

160 2745 518 2806 vocabant-mandata
538 2747 694 2810 habuisse.
726 2750 881 2826 publicato
901 2751 1026 2811 crimine
1041 2751 1141 2811 minus

159 2825 274 2887 mtenta
294 2826 333 2886 de
353 2828 460 2902 paucis
482 2833 620 2902 quaestio
635 2840 708 2894 erat.
742 2834 817 2894 mitti
831 2842 931 2896 tamen
946 2836 1066 2910 legatos
1080 2835 1140 2895 Ro-

161 2923 256 2982 mam,
286 2909 338 2984 qui
361 2926 426 2970 rem
452 2913 492 2972 ad
521 2917 665 2978 consules
690 2918 783 2978 etad
809 2925 948 2981 senatum
976 2919 1141 2990 deferrent,

159 2992 290 3068 placuit;
323 2993 411 3055 simul
438 2996 490 3071 qui
515 2998 555 3058 de
579 2999 696 3061 iniuriis
719 2999 904 3064 Masinissae
929 3009 1141 3080 quererentur.

160 3075 249 3137 Llffl.
275 3075 442 3140 Masinissa
462 3089 628 3160 postquam
649 3085 820 3148 etinlames
837 3085 1099 3163 Carthaginiensis
1114 3093 1143 3146 et
1224 3085 1225 3118 l

159 3161 237 3221 inter
252 3177 288 3222 se
302 3161 390 3238 ipsos
406 3164 567 3228 discordes
583 3168 688 3244 sensit,
704 3170 893 3246 principibus
908 3177 1036 3248 propter
1047 3173 1142 3232 collo·

161 3245 233 3320 quia
246 3245 399 3310 Aristonis
422 3251 555 3325 senatui,
578 3259 687 3314 senatu
701 3262 828 3330 propter
842 3255 987 3318 indicium
1001 3255 1142 3316 eiusdem

159 3329 311 3391 Aristonis
340 3334 456 3410 populo
488 3344 650 3412 suspecto,
679 3340 779 3398 locum
807 3338 935 3401 iniuriae
959 3354 1031 3400 esse
1056 3346 1141 3400 ratus

160 3425 265 3481 aarum
280 3415 460 3478 maritimum
475 3434 580 3480 eorum
595 3427 625 3481 el
639 3420 844 3498 depopulatus
860 3431 922 3498 est,
945 3431 975 3486 et
989 3424 1142 3500 quasdam

160 3491 253 3554 urbes
273 3499 432 3573 vectigalis
447 3501 739 3578 Carthaginiensium
761 3506 819 3568 sibi
840 3509 941 3584 coegit
954 3508 1141 3585 stipendium
