2480 3904
243 231 358 293 LlBllR
368 233 516 293 XXXVII.
543 235 625 294 cnP.
639 246 682 296 11.
695 245 737 296 ra.
762 243 798 308 [a.
811 242 842 294 c.
856 243 918 309 190]
1002 235 1061 301 271

83 385 163 446 binis
184 400 312 459 aprora
333 385 573 460 prominentibus
595 385 692 446 trullis
714 387 821 447 terreis
843 391 969 448 multum
990 407 1063 450 con·

81 475 207 544 ceptum
232 468 332 542 ignem
357 483 431 543 prae
456 485 491 528 se
513 469 684 544 portabant.
715 470 905 548 Erythraeae
924 474 1063 534 triremes

82 568 154 612 cum
168 551 251 611 haud
265 553 375 628 procul
393 568 411 612 a
426 550 518 614 Samo
532 551 662 613 Rhodiis
677 555 824 627 navibus,
841 554 952 630 quibus
967 563 1001 617 ut
1015 573 1064 616 es·

81 641 154 694 sent
166 635 326 710 praesidio
343 635 519 708 veniebant,
542 635 651 696 obviae
666 637 851 711 largientibus
867 639 1011 712 luissent,
1032 642 1064 702 in

80 719 316 794 Hellespontum
330 719 372 778 ad
384 720 542 780 Romanos
559 734 681 780 cursum
696 728 880 780 averterunt
908 722 966 782 sub
982 724 1064 783 idem

80 810 205 878 tempus
220 801 369 862 Seleucus
392 802 541 877 proditam
555 802 741 877 Phocaeam,
763 811 852 879 porta
865 822 927 866 una
941 821 997 881 per
1012 821 1063 867 cu·

80 887 190 946 stodes
210 893 331 961 aperta,
351 886 483 960 accepim
506 893 536 945 et
556 886 650 964 cyrne
670 888 809 962 aliaeque
832 889 970 950 ciusdem
991 904 1065 950 orac

79 971 175 1034 urbes
190 970 231 1028 ad
246 984 315 1028 eum
329 975 412 1029 metu
426 969 613 1029 delecemnt.

167 1053 231 1113 XII.
258 1051 336 1112 Dum
356 1051 434 1112 haec
454 1053 485 1111 in
504 1053 635 1113 Aeolide
655 1061 816 1128 geruntur,
841 1055 972 1132 Abydus
995 1072 1064 1118 cum

83 1150 139 1211 per
165 1136 282 1210 aliquot
306 1135 372 1196 dies
398 1135 591 1196 obsidionem
615 1138 780 1198 tolerasset
799 1138 955 1212 praesidio
976 1141 1063 1214 regio

82 1225 198 1280 tutante
211 1220 343 1292 moenia,
358 1221 418 1278 iarn
433 1219 575 1280 omnibus
591 1220 694 1294 fessis,
708 1219 825 1280 Philota
836 1237 962 1297 quoque
973 1239 1061 1297 prae-

82 1305 164 1362 lecto
187 1301 335 1378 praesidii
356 1303 546 1378 permittente
560 1305 755 1378 magistratus
770 1320 877 1365 eorum
893 1320 962 1364 cum
976 1305 1062 1365 Livio

80 1387 121 1445 de
136 1386 370 1447 condicionibus
391 1386 560 1448 tradendae
577 1387 663 1447 urbis
685 1388 825 1462 agebant.
857 1403 922 1447 rem
937 1389 1062 1449 distine-

80 1473 134 1530 bat
155 1469 254 1544 quod,
279 1476 380 1529 utrum
405 1471 511 1532 armati
533 1487 571 1530 an
592 1471 724 1531 inermes
750 1472 956 1532 emitterentur
976 1472 1058 1546 regii

80 1569 191 1628 pamm
219 1553 428 1614 conveniebat
463 1554 541 1614 haec
568 1555 727 1629 agentibus
756 1571 825 1614 cum
849 1556 1063 1616 intervenisset

81 1637 207 1698 nuntius
227 1636 417 1698 Rhodiorum
438 1638 549 1710 cladis,
570 1639 685 1699 emissa
704 1639 743 1698 de
762 1639 904 1699 manibus
925 1654 976 1700 res
999 1647 1060 1699 esta

80 1727 221 1780 metuens
241 1721 321 1780 enim
333 1720 438 1780 Livius
461 1737 501 1780 ne
521 1737 671 1782 successu
693 1728 795 1782 tantae
807 1722 853 1782 rei
867 1721 990 1784 inflatus
1003 1722 1061 1782 Pc-

81 1802 245 1882 lyxenidas
261 1806 393 1864 classem
408 1819 489 1878 quae
502 1805 542 1864 ad
554 1804 653 1864 Canas
668 1812 734 1865 erat
749 1806 943 1880 opprimeret,
957 1805 1063 1882 Abydi

82 1887 245 1948 obsidione
260 1889 463 1962 custodiaque
476 1887 666 1962 Hellesponti
681 1891 834 1962 extemplo
849 1890 955 1948 relicta
965 1905 1061 1948 nares

82 1985 163 2047 quae
178 1971 348 2032 subductae
363 1971 453 2031 (lanis
469 1978 556 2032 erant
569 1971 704 2032 deduxit.
727 1979 757 2032 et
768 1971 921 2030 Eumenes
938 1971 1061 2030 Elaeam

83 2057 175 2115 venit.
209 2055 313 2114 Livius
335 2055 416 2114 omni
431 2056 547 2128 classe,
568 2054 617 2114 cui
633 2055 815 2116 adiunxerat
829 2055 906 2115 duas
922 2055 1061 2114 triremes

79 2139 292 2217 Mitylenaeas,
308 2137 479 2198 Phocaeam
494 2139 576 2214 petit.
600 2155 691 2214 quam
706 2155 775 2200 cum
790 2139 885 2199 teneri
898 2137 1002 2199 valido
1013 2153 1060 2197 re·

81 2224 131 2298 gio
158 2221 316 2298 praesidio
341 2222 481 2282 audisset
502 2237 560 2282 nec
585 2225 695 2299 procul
716 2222 837 2285 Seleuci
858 2230 960 2284 castra
980 2237 1060 2297 essa,

82 2307 289 2383 depopulatus
314 2305 493 2366 maritimam
511 2321 610 2380 oram,
631 2314 662 2367 et
682 2308 797 2382 praeda
813 2308 945 2366 maxime
964 2306 1062 2366 homi·

82 2407 154 2452 num
171 2390 281 2465 raptim
302 2390 331 2448 in
345 2403 441 2449 naves
456 2388 600 2463 imposita
614 2395 729 2450 tantum
743 2397 894 2462 momina,
916 2391 989 2448 dum
1001 2390 1061 2450 Eu·

80 2490 188 2536 menes
211 2489 279 2534 cum
295 2475 394 2533 classe
410 2473 645 2546 adsequeretur,
668 2470 792 2530 Samum
806 2478 911 2546 petere
925 2472 1061 2531 intendit.

79 2556 211 2620 Rhodiis
226 2557 323 2632 primo
339 2556 441 2618 audita
459 2555 564 2614 clades
578 2555 667 2614 simul
683 2569 830 2629 pavorem
845 2554 935 2614 simul
949 2555 1062 2614 luctum

80 2643 235 2718 ingentem
249 2641 334 2701 iecit=
356 2655 426 2699 nam
441 2645 562 2715 praeter
571 2638 694 2698 navium
708 2637 896 2712 militumque
907 2637 1061 2710 iacturam,

82 2726 169 2802 quod
185 2724 286 2798 floris,
309 2723 393 2799 quod
407 2722 527 2783 roboris
543 2723 573 2782 in
587 2723 742 2782 iuventute
756 2723 867 2795 iuerat,
888 2721 1062 2792 amiserant,

79 2810 184 2870 multis
204 2807 358 2870 nobilibus
379 2807 493 2867 secutis
505 2807 592 2879 ,inter
613 2814 714 2866 cetera
734 2806 942 2866 auctoritatem
956 2803 1062 2864 Pausi·

80 2893 178 2964 strati,
196 2907 276 2968 quae
290 2893 370 2952 inter
383 2907 458 2951 suos
473 2891 579 2950 merito
593 2890 727 2951 maxima
741 2889 815 2950 erat
853 2889 963 2948 deinde
978 2887 1063 2964 quod

80 2976 192 3038 fraude
207 2976 296 3051 capti,
312 2975 396 3051 quod
411 2991 429 3034 a
443 2975 509 3034 cive
524 2974 718 3050 potissimum
734 2987 791 3034 suo
808 2974 920 3045 iurent,
942 2972 972 3031 in
986 2973 1063 3031 iram

80 3064 183 3122 luctus
197 3061 295 3120 vertit.
319 3060 426 3118 dacem
441 3059 594 3133 extemplo
609 3072 715 3128 naves,
732 3063 762 3116 et
776 3057 884 3116 diebus
898 3063 971 3130 post
986 3071 1062 3130 pau·

80 3147 126 3206 cis
138 3144 247 3206 decem
259 3142 336 3204 alias
347 3142 503 3216 praelecto
515 3141 792 3201 omniumEudamo
804 3139 959 3211 miserunt,
972 3153 1063 3212 quem

81 3231 149 3290 aliis
172 3227 335 3288 virtutibus
355 3225 473 3286 bellicis
494 3224 731 3300 haudquaquam
748 3223 935 3283 Pausistrato
957 3236 1062 3295 parem

81 3312 265 3384 cautiorem,
285 3326 347 3386 quo
362 3309 462 3368 minus
477 3307 569 3368 animi
584 3314 663 3380 erat,
684 3307 793 3368 ducem
808 3306 941 3366 futurum
956 3303 1061 3364 crede·

80 3395 166 3454 bant.
201 3394 331 3454 Romani
351 3401 381 3454 et
399 3393 552 3453 Eumenes
576 3407 633 3452 rex
656 3391 688 3450 in
706 3390 907 3469 Erythraeam
933 3387 1061 3463 primum

82 3479 215 3539 classem
239 3479 460 3554 applicuerunt.
495 3475 536 3536 rbi
550 3481 671 3537 noctem
685 3491 777 3536 unam
791 3472 915 3548 morati,
936 3476 1062 3549 postero
