2506 3898
214 200 326 262 LIBER
341 199 486 262 XXXVII.
511 203 593 262 CAP.
608 211 651 264 27.
667 212 709 266 28.
732 205 768 280 [a.
786 211 895 282 (3.190]
979 210 1040 274 285

52 354 153 414 Teios
168 353 272 428 regiae
291 353 384 413 classi
401 353 532 428 benigne
547 364 733 417 commeatus
748 357 938 434 praebuisse,
954 362 1039 435 quin-

54 454 123 513 que
146 437 228 496 milia
250 453 395 497 vasorum
416 437 478 496 vini
494 438 742 524 pollicitoscssa.
777 441 872 502 Teum
887 457 925 501 ex
939 445 1039 508 medio

55 537 157 581 cursu
179 521 310 582 classem
330 528 456 596 repente
477 523 597 595 avertit,
617 530 670 583 aut
688 525 860 585 volentibus
876 527 913 586 iis
929 544 1039 591 usurus

54 611 235 666 commeatu
250 611 357 679 parato
377 604 533 680 hostibus,
555 613 607 666 aut
624 605 711 681 ipsos
726 624 782 682 pro
800 599 941 671 hostibirs
956 611 1039 672 habi·

55 694 159 748 turus.
177 703 247 748 cum
258 688 444 749 direxissent
455 690 495 749 ad
506 696 616 749 terram
628 706 746 765 proras,
763 693 936 768 quindecim
947 695 1039 756 terme

56 773 105 832 eis
123 787 221 852 navas
237 771 318 832 circa
330 771 537 850 Myonnesum
552 783 773 850 apparuerunt,
795 793 873 852 quas
888 778 985 852 primo
1000 795 1039 840 ex

56 857 165 916 classe
189 855 274 929 regia
298 863 421 930 praetor
445 872 516 917 essa
535 865 620 918 ratus
640 857 746 918 institit
765 860 864 935 sequi.
900 863 1041 937 apparuit

56 938 174 1000 deinde
190 939 332 1014 piraticas
349 942 469 1000 celoces
485 946 515 1000 et
529 942 646 1002 lembos
662 957 743 1002 esse.
773 942 913 1004 Chiorum
928 945 1039 1007 mariti·

57 1039 142 1082 mam
163 1037 248 1082 oram
270 1023 446 1098 depopulati
468 1039 536 1085 cum
557 1025 656 1086 omnis
671 1027 793 1100 generis
808 1029 925 1101 praeda
937 1044 1039 1092 rever·

56 1113 161 1168 tentes
182 1113 345 1183 postquam
362 1108 466 1168 videre
481 1123 520 1167 ax
535 1110 596 1170 alto
613 1110 760 1181 classem,
783 1110 813 1169 in
828 1111 928 1184 lugam
941 1120 1039 1174 verte·

57 1197 138 1253 runt.
168 1195 199 1250 ct
212 1191 366 1251 celeritate
387 1191 577 1266 superabant
596 1192 762 1253 levioribus
783 1195 874 1254 etad
895 1195 926 1254 id
940 1195 1038 1256 fabre

59 1275 151 1334 lactis
173 1274 319 1348 navigiis,
341 1283 371 1335 et
389 1277 551 1352 propiores
571 1283 671 1338 terrae
691 1283 785 1337 erant.
824 1278 926 1352 itaque
942 1279 1039 1353 prius·

58 1373 155 1432 quam
175 1359 436 1434 appropinquaret
457 1361 582 1434 classis,
603 1360 808 1438 Myonnesum
825 1363 1038 1436 perfugarum

57 1441 145 1502 unde
165 1457 200 1502 se
214 1455 233 1502 e
249 1447 338 1517 portu
358 1449 442 1504 ratus
463 1444 685 1504 abstracturum
706 1459 815 1518 naves,
838 1446 962 1520 ignarus
979 1446 1039 1506 loci

58 1525 249 1601 sequebatur
260 1532 392 1601 praeton
406 1527 598 1604 Myonnesus
611 1529 853 1603 promunturium
864 1529 1039 1592 interTcum

59 1608 249 1686 Samumque
264 1615 320 1670 est.
339 1611 407 1686 ipsc
422 1612 509 1672 collis
527 1618 574 1672 est
587 1612 618 1671 in
628 1613 753 1674 modum
763 1620 862 1672 metae
877 1612 906 1671 in
918 1620 1037 1675 acutum

58 1708 207 1753 cacumen
223 1694 351 1754 arundo
375 1695 449 1756 satis
470 1697 530 1756 lato
546 1695 720 1770 fastigatum
742 1713 761 1756 a
775 1697 938 1756 continenti
955 1703 1039 1758 artae

59 1779 189 1838 semitae
204 1779 318 1839 aditum
331 1779 431 1853 habet,
448 1795 466 1838 a
480 1779 555 1839 mari
570 1794 685 1840 exesae
696 1779 839 1840 ilucdbus
850 1796 943 1856 rupes
956 1783 1037 1842 clau-

59 1863 151 1934 dunt,
167 1862 255 1924 itaut
269 1862 453 1938 quibusdam
468 1863 544 1922 locis
559 1863 818 1938 superpendentia
833 1879 910 1923 saxa
925 1867 994 1939 plus
1008 1865 1038 1923 in

60 1948 153 2006 altum
169 1961 259 2019 quam
272 1961 351 2022 quae
365 1947 395 2004 in
408 1946 537 2010 statione
549 1951 620 2006 sunt
629 1961 725 2006 naves
737 1947 936 2022 promineant.
959 1948 1040 2007 circa

60 2045 98 2088 ea
118 2029 369 2106 appropinquare
384 2045 446 2088 non
466 2044 561 2092 ausae
582 2045 694 2102 naves,
716 2045 755 2089 ne
776 2031 835 2090 sub
855 2031 916 2090 ictu
931 2045 1038 2105 supar-

60 2114 204 2173 stantium
218 2113 347 2189 rupibus
362 2115 528 2189 piratarum
543 2121 656 2188 essent,
673 2113 753 2174 diem
769 2114 888 2174 trivere.
917 2114 1038 2174 tandem

60 2197 119 2257 sub
136 2204 256 2258 noctem
269 2213 349 2256 vano
365 2199 486 2273 incepto
503 2213 571 2258 cum
586 2198 789 2272 obstitissent,
804 2198 897 2260 Teum
911 2204 1038 2274 postero

59 2281 109 2340 die
124 2295 301 2351 accessere;
324 2282 397 2340 etin
412 2291 517 2356 portu,
541 2282 593 2357 qui
609 2282 646 2342 ab
661 2289 746 2358 tergo
764 2283 848 2343 urbis
863 2289 912 2343 est
924 2317 966 2330 -
981 2281 1038 2342 Ge·

60 2363 223 2424 racsticum
249 2365 308 2441 ipsi
329 2367 551 2440 appellant-,
573 2367 703 2438 navibus
724 2367 896 2426 constitutis
916 2372 1039 2441 praetor

60 2449 99 2508 ad
128 2449 378 2524 depopulandum
413 2448 494 2508 circa
524 2448 630 2507 urbem
658 2463 763 2522 agrum
793 2449 902 2508 milites
931 2449 1038 2508 omisit

59 2532 194 2592 XXVlll.
221 2533 293 2607 Teii,
310 2549 378 2593 oum
390 2533 420 2591 in
434 2531 531 2594 oculis
543 2531 700 2606 populatio
713 2539 805 2601 asset,
822 2537 959 2590 oratores
971 2545 1038 2590 cum

60 2615 163 2676 intulis
179 2624 210 2677 et
223 2617 401 2676 velamentis
417 2617 456 2676 ad
470 2616 642 2676 Romanum
656 2615 812 2674 miserunt.
841 2613 953 2688 quibus
969 2629 1038 2687 pur·

59 2700 201 2774 gentibus
224 2701 373 2760 civitatem
395 2699 493 2758 omnis
516 2698 587 2758 lacti
602 2697 736 2774 dictique
752 2697 872 2758 hostilis
888 2697 1039 2756 adversus

60 2784 224 2858 Romanos,
241 2791 270 2845 at
283 2784 400 2844 luvisse
416 2799 471 2844 eos
486 2781 568 2843 omni
583 2789 752 2843 commeatu
764 2783 895 2842 classem
906 2779 1039 2842 hostiurn

60 2869 172 2942 arguit,
194 2874 224 2926 et
240 2875 385 2943 qnantum
405 2867 465 2927 vini
479 2866 688 2945 Polyxenidae
705 2865 935 2942 promisissent;
960 2880 1039 2940 quaa

60 2949 87 3010 si
101 2945 210 3010 eadem
226 2953 318 3012 classi
328 2953 485 3013 Romanae
500 2952 616 3025 darent,
633 2958 847 3011 revocaturum
863 2965 898 3010 se
912 2964 1038 3025 apopu-

60 3035 172 3095 latione
193 3034 331 3107 militem,
360 3036 521 3109 siminus,
543 3051 600 3109 pro
620 3033 760 3094 hostibus
782 3049 837 3096 eos
858 3034 1029 3094 habiturum

58 3118 118 3178 lroc
133 3125 196 3178 tam
209 3119 295 3180 triste
309 3135 493 3194 responsum
508 3135 576 3178 curn
592 3117 779 3178 rettulissent
792 3118 897 3192 legati,
913 3124 1040 3177 vocatur

60 3202 88 3260 in
111 3201 285 3262 contionem
308 3219 326 3262 a
346 3202 571 3277 magistratibus
592 3203 743 3276 populus,
770 3201 895 3275 utquid
915 3205 1040 3274 agerent

59 3287 279 3348 consultarent.
313 3303 350 3348 eo
366 3288 444 3346 iorte
462 3286 511 3345 dic
525 3285 734 3363 Polyxenidas
755 3301 824 3344 cum
838 3282 923 3356 regia
938 3283 1039 3342 classo

59 3385 77 3427 a
93 3369 271 3445 Colophone
287 3372 444 3446 proiectus
460 3375 621 3445 postquam
636 3369 773 3428 movisse
788 3383 806 3426 a
821 3364 914 3426 Samo
928 3366 1038 3426 Roma·

58 3469 115 3512 nos
131 3453 255 3528 audivit,
271 3461 300 3514 at
316 3452 353 3511 ad
366 3446 572 3522 Myonnesum
583 3445 697 3518 piratas
709 3441 1040 3518 persecutos'leiorum
