2482 3900
241 213 484 272 urscnxxxu.
509 211 646 272 cuna.
669 212 822 290 poam]
986 213 1027 275 oa
1085 171 1087 176 ⁵

73 363 148 434 igitur
171 367 299 424 nestrum
326 364 376 421 ille
401 363 545 422 auxilium
572 362 684 422 absens
711 370 785 437 petrt
810 363 1027 440 potiusquam

73 461 201 520 praesens
216 463 270 506 nos
286 447 390 507 socios
405 453 526 506 veteres
542 447 631 506 simul
646 448 684 506 ab
699 447 816 506 Nabide
831 463 867 507 ae
881 447 1027 508 Romanis

72 536 192 589 tueatur‘t
216 545 272 590 nos
293 531 384 588 ilicet
411 531 484 604 quid
505 531 546 590 ita
562 547 675 605 passus
697 536 745 590 est
763 531 910 590 Eretriam
934 532 1026 609 Carp-

72 620 194 688 stumque
209 615 296 688 capit
315 613 388 688 quid
403 614 443 672 ita
458 621 500 674 tot
510 611 685 674 Thessaliae
696 614 810 673 urbest
830 616 902 690 quid
918 617 958 676 ita
969 615 1028 676 Le·

73 697 167 754 aridem
180 696 428 770 Phocidemquet
451 698 524 772 quid
545 697 586 756 ita
607 714 687 756 nune
701 697 835 756 Elateam
855 699 1026 775 oppugnari

72 779 183 853 patitur?
209 797 262 840 cur
282 781 417 840 excessit
437 779 575 840 lancibus
590 780 673 856 Epiri
688 782 892 858 claustrisque
908 782 966 841 illis
981 784 1024 842 iu-

73 863 304 936 expugnabilibus
327 879 421 938 super
435 865 535 923 Aoum
557 880 674 923 amnem
694 865 757 940 [aut
771 865 798 924 ri
815 873 867 924 aut
880 871 961 924 metu
977 874 1028 926 ant

72 947 231 1021 voluntatel,
259 949 428 1022 relictoque
457 963 546 1020 quem
570 948 722 1008 insidebat
747 951 825 1008 saltu
850 949 971 1022 penitus
997 950 1026 1007 in

71 1045 175 1102 regnum
190 1031 283 1090 abiit?
304 1031 330 1090 si
346 1047 403 1090 sna
417 1031 571 1090 voluntate
583 1038 626 1091 tot
638 1032 742 1092 socios
754 1033 876 1106 reliquit
886 1032 1026 1092 hostibus

72 1112 248 1186 diripiendos
267 1115 319 1189 qui
333 1129 478 1174 recusare
494 1121 604 1188 potest,
624 1115 695 1188 quin
712 1120 741 1172 et
756 1115 832 1174 socii
845 1117 902 1174 sibi
916 1133 1025 1175 eonsu-

71 1196 136 1256 lant?
155 1199 179 1257 si
192 1205 290 1272 metu,
312 1197 401 1258 nobis
424 1213 548 1272 quoque
568 1199 709 1272 ignoscat
726 1198 908 1258 timentibus.
942 1199 968 1258 si
985 1201 1025 1257 ri·

72 1283 124 1338 ctus
147 1281 233 1341 armis
262 1281 372 1354 cessit,
397 1281 512 1341 Achaei
534 1281 672 1341 Romana
696 1297 780 1340 arma
800 1281 1026 1354 sustinebimus

71 1361 249 1438 Cleomedon,
279 1380 358 1438 quae
386 1381 441 1424 vos
462 1363 648 1424 Macedones
669 1380 729 1424 non
752 1364 962 1424 sustinuistis?
990 1381 1025 1423 an

72 1445 112 1502 tibi
127 1448 222 1520 polius
244 1450 407 1508 credamus
422 1449 578 1509 Romanos
599 1465 659 1508 aon
675 1447 840 1507 nlaioribus
857 1448 954 1522 copiis
971 1461 1028 1506 nee

69 1529 164 1590 viribus
177 1547 257 1592 nanc
273 1532 386 1592 hellam
403 1547 518 1606 gerere,
536 1548 626 1606 quam
643 1539 731 1591 antea
748 1531 908 1604 gesserint
925 1531 1027 1606 potius

70 1628 144 1684 quam
163 1631 211 1674 ras
231 1615 321 1691 ipsas
342 1615 533 1675 intueamur?
553 1617 682 1676 Aetolos
704 1623 767 1674 turn
789 1615 889 1674 classe
904 1615 1025 1676 adinve·

69 1702 211 1766 musaea
235 1701 317 1760 duce
335 1700 487 1758 consulari
504 1714 559 1758 nee
575 1700 707 1758 exercitu
722 1697 833 1758 bellum
850 1705 1026 1770 gesserunn

69 1779 201 1842 sociorum
216 1781 350 1856 Philippi
372 1781 539 1842 maritimae
559 1789 621 1842 turn
641 1783 734 1842 urbes
755 1782 784 1840 in
799 1789 916 1840 terrore
931 1797 967 1842 ac
982 1788 1028 1840 tu-

68 1863 144 1922 multu
164 1874 263 1934 erant;
286 1866 508 1925 mediterranea
529 1866 606 1926 adeo
626 1871 690 1924 tuta
710 1866 748 1923 ab
772 1866 862 1925 armis
881 1865 1027 1924 Romanis

68 1944 182 2020 luerunt,
203 1957 237 2010 ut
250 1949 412 2024 Philippus
426 1950 554 2008 Aetolos
571 1949 754 2023 nequiquam
772 1963 862 2022 opem
876 1947 1027 2008 Romano-

68 2044 119 2087 rum
144 2031 334 2107 implorantis
365 2033 618 2108 depopularetur:
655 2048 736 2092 nune
765 2039 865 2090 antem
894 2031 1026 2090 defuncti

67 2109 130 2172 bello
150 2114 264 2177 Punico
287 2117 431 2189 Romani,
459 2117 543 2192 quod
569 2131 623 2191 per
648 2115 803 2176 sexdecim
826 2129 924 2173 annes
946 2115 1029 2174 velut

67 2193 127 2255 intra
140 2200 260 2260 viscera
275 2201 379 2260 Italiae
393 2203 612 2270 toleraverunt,
632 2217 692 2261 uon
709 2198 896 2274 praesidium
910 2198 1027 2257 Aetolis

67 2275 228 2344 bellantibus
247 2284 413 2356 miserunt,
434 2284 490 2344 sed
505 2284 564 2357 ipsi
579 2284 674 2343 duces
689 2283 759 2342 belli
774 2298 857 2340 arma
872 2288 952 2342 terra
965 2299 1027 2341 ma-

66 2360 137 2436 rique
161 2367 250 2426 simul
273 2366 473 2426 Macedoniae
498 2368 669 2427 intulerunt.
706 2367 811 2426 tertius
836 2367 895 2424 iam
920 2367 1026 2426 consid

67 2458 166 2508 samma
178 2451 208 2508 vi
228 2449 309 2524 gerit
322 2449 443 2509 bellum.
467 2448 619 2524 Sulpicius
635 2451 663 2508 in
680 2451 749 2524 ipsa
759 2449 940 2508 Macedonia
956 2464 1024 2508 con·

65 2543 174 2600 gressus
196 2535 277 2594 ludit
297 2534 474 2608 fugavitque
494 2548 612 2607 regem,
637 2541 752 2607 partem
768 2531 1025 2605 opulentissimam

64 2616 132 2686 regni
146 2617 211 2676 eius
224 2619 448 2691 depopulatus:
472 2633 552 2676 nunc
565 2616 720 2689 Quinctius
733 2621 884 2674 terrentem
897 2615 1028 2674 claustra

62 2693 256 2773 Epiriuatura
267 2703 327 2760 loci
339 2700 530 2760 munimentis
543 2700 676 2760 exercitu
688 2701 804 2770 lretum,
813 2697 921 2757 eastris
929 2698 1028 2768 exuit;

64 2777 209 2853 trigientem
221 2784 448 2844 inThessaliam
460 2790 640 2859 persecutus
654 2783 807 2858 praesidia
818 2781 901 2855 regia
912 2781 1028 2842 socias·

64 2878 111 2942 quo
124 2866 186 2926 eius
208 2868 305 2926 urbes
321 2883 419 2942 prope
433 2867 463 2926 in
480 2876 647 2942 conspeetu
662 2868 743 2942 regis
758 2867 855 2940 ipsius
872 2880 1027 2941 expugna·

63 2946 103 3003 rit.
124 2965 160 3007 ne
180 2951 244 3010 sint
265 2967 339 3009 vera
361 2967 441 3026 quae
455 2951 650 3012 Atheniensis
665 2951 757 3012 modo
773 2952 891 3024 legatus
907 2951 946 3009 de
961 2967 1028 3010 cru·

63 3025 169 3092 delitate
184 3033 313 3094 avaritia
330 3033 452 3094 libidine
466 3037 548 3110 regis
564 3035 723 3106 disseruit,
740 3033 813 3094 nihil
830 3035 867 3093 ad
884 3051 942 3094 uos
957 3050 1025 3109 per-

61 3111 159 3176 tineant
173 3133 258 3190 quae
273 3117 302 3176 in
316 3126 398 3178 terra
412 3118 512 3178 Attica
526 3121 644 3178 scelera
658 3120 688 3177 iu
704 3132 835 3192 superos
851 3117 1028 3192 inferosque

63 3192 125 3257 deos
140 3207 211 3260 sunt
226 3203 372 3273 admissa,
395 3205 488 3262 multo
504 3203 603 3262 minus
620 3218 699 3276 quae
715 3202 795 3261 Ciani
812 3199 1027 3278 Abydenique,

62 3283 102 3350 qui
121 3286 227 3356 procul
253 3285 291 3344 ab
309 3285 398 3344 nobis
414 3287 541 3360 absunt,
563 3287 649 3362 passi
665 3293 751 3352 sunt;
776 3291 952 3344 nostrorum
967 3283 1025 3356 ipsi

62 3363 222 3440 rainerum,
239 3365 266 3426 si
281 3369 386 3440 vultiS,
404 3369 634 3443 obliviscamur,
651 3369 762 3428 caedes
779 3366 1027 3440 direptionesque

60 3441 194 3510 bonorum
206 3451 372 3510 Messenae
384 3452 413 3511 in
426 3453 527 3512 media
537 3451 751 3526 Peloponneso
764 3452 869 3522 laetas,
882 3455 912 3508 et
922 3447 1028 3524 hospi-

93 3546 115 3589 τ,
128 3549 188 3594 arur
204 3550 283 3593 ruas
297 3535 348 3594 lv.
797 3543 816 3588 A
