2482 3900
228 174 343 248 ιιιιιιι
353 174 458 236 xxm.
481 177 563 238 ιιι.
579 185 733 244 elaeae.
754 181 789 258 [ι.
803 182 910 258 caeo]
1011 181 1053 246 ιι

77 334 150 402 erat,
165 334 197 388 ut
210 327 248 396 iis
263 325 362 403 copiis
377 343 452 390 suas
467 335 600 404 augeret,
615 328 754 395 Pleurato
769 331 982 408 Dardanisque
997 333 1055 405 itee

76 413 105 472 ln
119 410 331 480 Macedoniam
351 411 503 486 patefecit
535 411 605 488 ipse
627 427 696 474 cum
710 413 814 490 viginti
829 414 950 487 milibus
967 417 1051 490 pedi-

76 503 146 570 tum,
162 501 304 570 quattuor
318 495 462 569 equitum,
479 494 607 559 ducibus
624 497 789 571 transfugis
801 498 838 558 ad
851 497 969 560 hostem
981 516 1049 573 pro·

76 581 182 654 lectra,
194 581 287 653 paulo
299 579 371 654 plus.
381 577 462 652 mille
473 593 588 652 passus
599 595 618 641 a
630 580 738 656 castris
749 582 895 644 Romanis
907 583 1053 646 tumulum

76 663 283 738 propinquum
296 661 416 730 Athaco
438 661 525 738 lesse
545 677 582 738 ae
596 664 677 731 vallo
695 664 905 736 ιοιιιιιιιιιιιιιιι
927 682 964 728 ac
978 667 1051 726 sub·

75 747 150 808 lecta
172 760 303 818 cernens
316 747 456 820 Romana
476 751 591 820 eastra,
613 747 779 820 admhatus
800 763 872 808 esse
894 749 1003 812 dicitur
1022 758 1052 812 et

75 831 250 902 universam
269 828 405 904 speciem
425 835 595 890 castrorum
610 835 641 889 et
654 830 809 906 descripta
829 830 894 894 suis
910 847 1052 909 quaeque

76 914 213 988 partibus
235 928 305 974 cum
318 910 506 982 tendentium
521 911 629 986 ordine
644 920 705 974 tunt
722 914 860 978 itinerum
875 915 1051 991 intervallis,

75 1003 103 1058 et
116 1012 251 1071 aegasse
264 995 464 1070 barbarorum
478 1010 515 1055 en
526 1002 627 1068 castra
637 997 690 1059 ulli
700 997 796 1058 videri
807 1015 911 1074 posse
927 999 1051 1074 biduum

76 1081 182 1141 consul
198 1087 228 1140 et
241 1095 313 1153 rex,
329 1081 405 1150 alter
419 1080 543 1148 alterius
559 1086 687 1152 conatus
702 1089 934 1158 exspectantes,
957 1083 1049 1154 eonti-

75 1179 165 1224 nuere
187 1179 265 1224 suos
286 1163 364 1222 intra
382 1163 510 1224 vallum=
542 1161 631 1225 tertio
651 1163 701 1222 die
724 1164 880 1226 Ronlanus
902 1167 999 1230 omnis
1021 1167 1049 1226 in

77 1248 169 1306 aciem
184 1248 291 1344 copias
306 1245 418 1317 eduxit
439 1245 559 1322 XXXV.
581 1261 637 1306 rex
651 1261 725 1306 vero
739 1252 800 1308 tam
812 1249 941 1308 celerem
953 1249 1051 1308 aleam

77 1331 208 1392 universi
224 1330 397 1402 certaminis
412 1329 531 1406 fimens,
554 1329 795 1415 quadringentos
809 1329 969 1394 Trallis-
980 1331 1050 1408 llly-

74 1415 188 1476 riorum
204 1413 252 1488 id,
274 1415 355 1487 sicut
375 1414 434 1488 alio
455 1414 587 1474 diximus
607 1414 692 1486 loco,
713 1421 926 1510 estgenus—
883 1421 967 1476 -et
981 1415 1050 1475 Cre-

73 1505 175 1572 tenses
198 1504 353 1570 trecentos
375 1479 478 1558 addito
499 1497 547 1558 his
568 1497 722 1572 peditibus
745 1497 811 1574 pari
826 1514 951 1572 numero
967 1499 1051 1574 equi-

73 1588 130 1640 tum
146 1597 220 1655 cum
235 1582 314 1642 duce
329 1581 539 1656 Athenagora,
560 1597 623 1644 uno
639 1597 678 1642 ex
693 1583 883 1658 purpuratis,
898 1583 938 1642 ιιι
954 1583 1050 1644 laces-

73 1665 189 1726 sendos
200 1663 333 1727 hostium
345 1665 463 1740 equites
475 1667 565 1726 mrsrt
585 1665 1051 1729 abRomanisautem-aberat

71 1750 151 1810 acies
177 1765 286 1824 eorum
308 1731 399 1824 paulo
422 1750 491 1824 plus
513 1749 696 1827 quingentos
716 1751 1000 1825 passus-velites
1022 1757 1051 1810 et

73 1833 209 1912 equitum
236 1833 315 1908 duae
341 1834 436 1894 ferme
460 1835 527 1892 alae
551 1833 698 1907 emissae,
722 1842 755 1894 ut
775 1850 900 1896 numero
926 1850 1051 1910 quoque

71 1933 167 1992 eques
191 1917 351 1994 pedesque
371 1916 492 1980 hostem
514 1923 690 1993 aequarent.
723 1917 848 1978 eredere
862 1919 938 1994 regii
952 1934 1050 1993 genus

70 2017 195 2076 pugnae
218 2017 280 2075 quo
301 2001 505 2062 adsueverant
524 2001 605 2080 lore,
626 2007 660 2062 ut
674 2001 793 2080 equites
812 2001 842 2060 in
857 2002 955 2062 vicem
969 2002 1049 2060 inse·

71 2091 204 2160 quentes
229 2086 478 2161 refugientesque
499 2101 579 2160 nunc
599 2085 668 2146 telis
688 2091 845 2156 uterentur
865 2101 946 2158 nunc
965 2091 1051 2160 terga

71 2169 195 2240 darent,
221 2169 394 2244 lllyriorum
418 2169 566 2242 velocitas
587 2169 627 2244 ad
648 2169 849 2232 excursiones
870 2176 900 2228 et
919 2169 1051 2244 impetus

70 2252 191 2314 subitos
218 2253 288 2314 usui
314 2257 413 2326 esset,
441 2252 601 2326 cretenses
627 2253 657 2312 in
682 2252 874 2316 invehentem
896 2269 931 2314 se
951 2252 1050 2313 effuse

69 2337 193 2398 hostem
218 2337 343 2413 sagittas
369 2337 551 2410 conicerent
581 2337 713 2412 turbavit
731 2337 811 2410 hunc
836 2337 973 2397 ordinem
995 2355 1050 2412 pu-

69 2420 187 2494 gnandi
203 2437 265 2485 non
279 2421 379 2482 acrior
393 2436 486 2495 quam
496 2420 680 2496 pertinacior
691 2421 822 2496 impetus
833 2421 1050 2484 Romanorum.

68 2521 136 2573 nam
159 2505 245 2572 haud
265 2520 356 2580 secus
379 2505 512 2581 quamsi
531 2511 592 2568 tota
607 2505 673 2564 acie
688 2503 879 2578 dimicarent,
901 2510 930 2564 et
944 2505 1051 2564 velites

69 2589 194 2650 emissis
208 2587 305 2661 hastis
324 2590 493 2666 comminus
508 2573 618 2662 gladiis
633 2603 697 2660 rem
713 2587 866 2662 gerebant,
889 2594 919 2646 et
933 2587 1051 2682 equites

69 2679 100 2732 ut
113 2673 237 2734 semel
229 2690 261 2732 ιιι
274 2673 393 2746 hostem
409 2673 506 2735 evecti
521 2677 601 2750 sunt,
617 2655 766 2736 ιιιιιιιιιι
779 2670 876 2746 equis,
892 2669 1000 2744 partim
1012 2685 1052 2729 cx

69 2757 146 2830 ipsis
164 2756 271 2833 equis,
294 2757 403 2832 partim
419 2757 596 2820 desilientes
610 2753 879 2832 immiscentesque
893 2769 927 2815 sc
943 2749 1050 2829 pediti·

70 2839 125 2902 bus
142 2842 332 2917 pugnabant.
366 2841 407 2901 ita
422 2857 479 2903 nec
494 2855 591 2915 eques
606 2838 710 2915 regius
726 2839 819 2914 equiti
835 2845 985 2914 parerat,
1006 2838 1054 2898 ιιι-

70 2932 179 2986 suetus
201 2925 242 2987 ad
267 2926 404 3002 stabilem
431 2941 579 3001 pugnam,
606 2940 663 2986 nec
684 2923 781 2999 pedes
803 2930 1002 2984 concursator
1021 2930 1052 2982 et

71 3024 168 3085 vagus
184 3015 216 3070 et
229 3025 328 3085 prope
339 3009 518 3086 seminudus
530 3024 643 3094 genere
654 3023 806 3071 armorum
816 3007 899 3067 veliti
912 3008 1049 3068 Romano

70 3108 210 3168 Palmam
224 3093 421 3172 gladiumque
434 3085 567 3170 habenti,
579 3092 755 3168 pariterque
766 3099 796 3152 et
807 3093 847 3152 ad
859 3106 894 3152 se
905 3091 1050 3162 tuendum

71 3183 100 3236 et
114 3177 155 3236 ad
168 3176 292 3242 hostem
312 3179 477 3255 petendum
498 3184 624 3248 armato
647 3192 707 3235 non
729 3176 824 3236 tulere
845 3175 948 3248 itaque
965 3173 1050 3232 dimi·

71 3260 239 3331 cationem;
254 3277 312 3322 nec
326 3259 385 3332 alia
398 3276 536 3336 requam
546 3259 707 3322 velocitate
719 3266 850 3322 tutantes
863 3272 898 3318 se
909 3257 939 3314 in
951 3260 1052 3323 castra

71 3343 141 3405 relu
161 3352 260 3422 erent

141 3359 289 3506 ΒΧΧΧιἸ.
312 3429 380 3490 Uno
402 3429 513 3490 deinde
533 3427 707 3490 intermisso
728 3427 793 3499 die,
820 3440 888 3484 oum
910 3423 1051 3484 omnibus
