2482 3902
214 237 275 304 114
354 235 469 298 LIBER
483 233 615 295 XXXIII.
638 231 719 292 CAP.
734 237 834 295 stol.
859 234 1046 303 [affl-abibi

214 401 292 466 tunt,
314 398 344 451 et
365 386 462 465 primo
485 385 563 448 adeo
585 384 694 446 aeriter
715 383 910 455 Invaserunt,
929 388 964 443 ut
977 382 1199 458 antesignanos

214 474 396 552 impulerim.
431 471 516 547 quod
531 469 582 529 ubi
596 467 759 528 Marcellus
774 465 999 541 animadvertit,
1018 466 1148 542 veritus,
1164 483 1201 526 ne

214 559 286 620 moti
307 558 402 618 semel
422 555 622 631 pellerentur,
644 551 803 614 eohortem
816 551 991 612 Marsorum
1013 565 1086 612 eum
1102 568 1199 628 oppo

214 644 336 714 suisset,
353 638 489 716 equitum
499 638 674 698 Latinorum
689 651 797 696 omnes
813 643 929 696 turmas
944 636 977 696 ia
991 635 1116 697 hostem
1128 635 1199 696 erni·

214 727 261 788 sit.
284 741 415 802 quorum
431 737 499 783 cum
516 722 632 797 primus
644 721 864 795 secundusque
875 719 1008 795 impetus
1020 719 1200 781 rettudisset

213 813 391 872 inserentem
406 823 441 868 se
457 803 600 866 leroeiter
610 804 738 876 hostem,
755 804 933 883 confirmata
944 811 975 865 et
985 803 1198 880 reliquaaoies

213 897 351 958 Romana
370 891 480 953 restitit
499 889 612 966 primo,
634 888 745 949 deinde
765 889 854 964 signa
874 889 986 948 aeriter
1005 887 1115 948 intulit.
1146 903 1199 947 nee

213 981 292 1040 ultra
307 975 481 1039 sustinuere
493 981 645 1034 certamen
656 972 742 1046 Galli,
757 971 829 1048 quin
842 979 927 1048 terga
937 978 1096 1032 verterent
1107 979 1198 1047 atque

214 1062 313 1124 elluse
341 1063 488 1137 lugerent.
521 1058 552 1118 ln
574 1072 611 1117 eo
638 1057 756 1132 proelio
777 1072 871 1130 supra
893 1054 1100 1134 quadraginta
1119 1056 1198 1115 milia

214 1147 370 1208 hominum
385 1159 477 1205 caesa
487 1141 630 1202 Valerius
642 1141 750 1202 ,nntius
761 1139 876 1213 scribit,
893 1140 1070 1215 octingenta
1082 1147 1197 1215 septem

214 1231 303 1307 signa
317 1227 456 1289 militaria
471 1234 570 1302 capta,
585 1231 615 1287 et
626 1231 773 1299 carpenta
785 1224 980 1299 septingenta
991 1224 1116 1299 triginta
1129 1224 1197 1300 duo,

214 1325 244 1376 et
265 1330 376 1375 aureos
398 1321 525 1387 torques
545 1311 672 1381 multos,
695 1324 733 1368 ex
756 1309 867 1383 quibus
888 1324 983 1369 untun
1000 1307 1106 1384 magni
1123 1324 1195 1384 pon·

77 1393 89 1398 ”
216 1399 299 1459 deris
315 1395 459 1457 Claudius
480 1395 511 1454 in
527 1393 678 1469 Capitolio
693 1391 757 1453 lovi
779 1391 893 1452 'donum
913 1391 944 1451 in
964 1392 1043 1452 aede
1063 1392 1196 1468 positum

215 1482 328 1546 scribit.
353 1486 453 1540 eastra
468 1493 505 1538 eo
521 1477 571 1536 die
587 1476 742 1537 Gallomm
756 1481 933 1552 expugnata
947 1475 1149 1553 direptaque3
1171 1485 1195 1542 ot

214 1566 341 1626 comtum
356 1561 504 1637 oppidum
520 1567 591 1636 post
605 1559 672 1620 dies
688 1575 805 1636 paucos
821 1565 953 1635 raptum.
983 1561 1114 1621 castella
1127 1559 1196 1621 inda

214 1645 439 1720 duodetrlgima
460 1645 500 1704 ad
522 1644 680 1704 consulem
701 1644 889 1704 deraserunt.
922 1643 954 1704 id
977 1659 1104 1720 quoque
1122 1643 1194 1706 inter

215 1732 382 1806 scriptores
404 1719 580 1804 ambigitur,
601 1735 702 1788 utrum
722 1727 752 1786 in
771 1727 866 1789 Boios
889 1727 974 1803 prius
995 1745 1034 1788 an
1051 1728 1197 1790 insubres

216 1816 324 1876 consul
346 1812 513 1874 exereitum
528 1810 663 1886 duxerit,
685 1811 910 1886 adversamque
925 1827 1078 1888 prospera
1094 1829 1198 1888 pugna
1234 1845 1235 1850 κ

215 1895 440 1971 oblitteraverit,
453 1912 491 1956 an
502 1895 630 1956 viatoria
641 1895 813 1956 adComum
825 1901 914 1972 parta
926 1897 1098 1976 deformata
1111 1899 1198 1958 olade
1234 1857 1235 1936 X

215 1983 245 2042 in
260 1981 345 2042 Boiis
361 1987 489 2057 accepta
503 1981 552 2042 sit.

298 2066 444 2126 XXXVII.
468 2063 531 2125 Sub
546 2064 623 2125 haee
638 2073 699 2126 tam
712 2065 797 2124 varia
810 2066 931 2126 fortuna
942 2073 1030 2140 gesta
1040 2066 1073 2126 L.
1086 2066 1198 2127 Furius

214 2150 362 2226 Purpurio
378 2151 453 2208 alter
467 2147 575 2209 consul
591 2163 646 2223 per
660 2147 769 2208 tribum
782 2147 938 2224 Sapiniam
951 2151 980 2209 in
992 2149 1088 2211 Boios
1104 2153 1198 2211 venit

213 2233 272 2292 iam
289 2239 389 2293 castro
404 2232 509 2292 Mutilo
525 2231 800 2308 appropinquabat,
818 2249 887 2293 oum
902 2233 1033 2306 veritus,
1050 2250 1090 2294 ne
1105 2235 1197 2296 inter·
1232 2209 1233 2302 I

214 2317 387 2376 cluderetur
409 2316 498 2376 simul
513 2333 531 2376 a
546 2317 628 2376 Boiis
643 2317 883 2393 Liguribusque,
905 2318 1071 2378 exereitum
1087 2321 1198 2380 eadem

214 2399 263 2460 via
285 2417 346 2476 qua
360 2400 532 2461 adduxerat
548 2402 682 2473 reduxit,
705 2409 735 2462 et
749 2417 859 2476 magno
877 2403 1005 2464 circuitu
1020 2413 1199 2480 peraperta
1231 2405 1232 2486 l

131 2497 137 2505 ·
214 2499 314 2560 eoque
335 2493 398 2546 tuta
418 2487 487 2546 loeo
507 2486 547 2546 ad
568 2487 715 2560 collegam
738 2485 885 2560 pervenit.
922 2485 994 2548 inde
1014 2487 1132 2550 iunctis
1146 2505 1197 2549 ex·

213 2569 355 2630 eroitibus
369 2569 499 2646 primum
510 2569 654 2630 Bolanum
666 2586 771 2644 agrum
783 2585 884 2646 usque
895 2571 933 2631 ad
940 2571 1096 2633 Felsinam
1109 2575 1197 2650 oppi·
1230 2589 1231 2669 l

214 2653 285 2713 dum
304 2657 487 2730 populantes
509 2659 757 2730 peragraverunt.
792 2669 830 2714 ea
843 2655 917 2716 urbs
934 2661 1101 2731 ceteraque
1116 2659 1198 2718 oiroa

213 2737 339 2798 castella
353 2745 383 2798 et
393 2739 461 2798 Boii
473 2739 536 2798 lere
548 2753 655 2798 omues
668 2745 788 2813 praeter
799 2739 995 2814 iuventutem,
1011 2757 1095 2815 quae
1106 2757 1197 2818 prae·
1229 2771 1230 2852 p

213 2819 306 2878 dandi
327 2837 421 2881 eausa
440 2821 470 2880 in
491 2821 584 2881 armis
600 2829 717 2882 erat—
728 2829 798 2883 tune
813 2823 842 2882 in
859 2824 966 2884 devias
982 2824 1078 2886 silvas
1094 2841 1196 2887 reces-

213 2909 343 2961 serat—
354 2905 383 2962 in
397 2903 581 2965 deditionem
594 2914 750 2967 venerunt.
770 2907 798 2965 in
810 2906 939 2982 Ligures
952 2907 1023 2968 inde
1034 2909 1196 2970 traductus
1228 2943 1229 2970 r

212 2987 373 3047 exereitus.
396 2989 462 3048 Boii
477 2989 686 3064 neglegentius
703 2997 841 3052 eoactum
854 3007 963 3066 agmen
974 2993 1196 3066 Romanorum,
1228 2975 1229 3035 I

213 3071 285 3145 quia
298 3071 356 3146 ipsi
370 3073 475 3148 procul
488 3075 601 3134 abesse
613 3075 796 3149 viderentur,
805 3075 973 3151 improviso
986 3076 1197 3153 adgressuros

212 3156 316 3216 serati
340 3172 394 3232 per
415 3159 552 3219 occultos
568 3161 663 3220 saltus
681 3158 778 3221 secuti
793 3168 872 3221 sum.
906 3175 986 3236 quos
1000 3177 1064 3222 non
1080 3163 1196 3239 adepti,
1227 3135 1228 3219 I

212 3240 294 3301 Pado
320 3249 445 3317 repento
471 3243 601 3304 navibus
627 3243 751 3304 traiecto
776 3244 896 3306 Laevos
917 3245 1098 3322 Libuosque
1125 3263 1195 3308 eum

209 3331 449 3400 pervastassent
463 3327 628 3388 redeuntes
638 3327 711 3388 inde
723 3343 779 3403 per
788 3329 933 3405 Ligurum
945 3335 1102 3392 exuemus
1114 3331 1195 3392 finos
1226 3321 1227 3402 I

212 3425 279 3468 oum
301 3411 411 3483 agresti
433 3413 548 3488 praeda
568 3414 598 3472 in
612 3427 722 3487 agmen
738 3413 873 3475 incidunt
887 3414 1068 3474 Romanum.
1101 3431 1194 3490 proe-

208 3491 282 3550 lium
307 3493 437 3556 celerius
462 3495 626 3572 aeriusque
648 3497 859 3573 commissum,
886 3513 978 3573 quam
1003 3499 1031 3558 si
1052 3505 1195 3574 tempora
1225 3517 1226 3586 l
