2482 3902
236 232 347 292 clara
360 231 479 293 xxxa.
501 229 585 293 cal.
599 237 697 296 arca
718 232 875 312 [ccum]
990 231 1032 298 st

73 385 243 460 nauata,
264 383 440 447 Corinthum
454 381 486 446 in
500 381 618 446 Achaia
637 400 694 445 rex
709 391 841 459 terreret,
863 400 925 445 non
939 401 1036 461 posse

74 473 185 532 liberam
199 470 362 531 Graeciam
377 483 464 540 esse,
487 475 518 528 et
537 469 639 543 ipsum
653 467 826 544 Philippum
846 485 908 530 non
929 475 1035 532 contu-

73 553 214 616 meliosius
231 567 321 628 quem
335 553 441 614 verius
455 551 621 626 compedes
637 567 693 612 eas
708 551 855 612 Graeciae
868 553 1036 630 appellare.

74 637 151 714 legati
168 637 277 698 deindo
292 637 379 714 regis
394 635 578 704 intromissi;
601 635 714 712 quibus
730 635 900 711 longiorem
915 638 1036 698 exorsis

73 721 222 782 ruborem
236 721 340 782 brevis
353 719 568 795 interrogatio,
589 734 780 780 cessurusne
790 718 829 779 iia
842 720 940 780 tribus
954 719 1036 780 urbi·

73 807 121 866 bus
132 812 219 881 esset,
232 819 406 866 sermonem
416 803 612 878 inciditcum
623 803 756 864 mandati
768 802 826 864 sibi
839 803 878 864 de
888 803 927 864 ils
939 805 1036 864 nonti-

73 889 150 951 nolim
167 895 315 965 negarent
331 889 505 964 quicquam.
539 887 585 949 sic
598 887 711 949 inlecta
724 903 802 962 pace
817 886 893 962 regii
908 886 1036 962 dimissi,

74 973 193 1047 Quaado
207 973 337 1034 liberum
348 972 504 1033 arbitrium
516 971 601 1048 pacis
612 972 730 1032 acbelli
742 971 936 1046 permissum.
953 969 1037 1048 quod

73 1064 100 1116 ut
110 1056 177 1118 salis
191 1057 337 1136 apparuit
348 1071 411 1120 nou
425 1056 551 1118 medere
564 1055 636 1116 belli
650 1062 798 1127 seruum,
815 1055 867 1116 et
859 1069 929 1130 lpse
941 1055 1036 1116 victo·

72 1141 124 1201 riae
137 1157 225 1217 quarm
236 1142 325 1217 pacis
335 1140 454 1202 avidior
464 1155 567 1216 neque
579 1140 764 1215 colloquium
776 1144 886 1214 postea
887 1135 1035 1235 ,Phlippo

72 1224 153 1299 dedit,
173 1240 275 1302 neque
289 1225 471 1300 legationem
485 1225 592 1298 aliam,
613 1239 704 1300 quam
720 1239 799 1300 quaa
814 1223 895 1286 corni
911 1223 1037 1285 Graecia

73 1307 163 1370 decedi
175 1309 337 1382 nuntimot,
352 1309 559 1372 admissurum
574 1307 658 1368 dixit

140 1393 299 1454 xltxvtll.
321 1393 484 1469 Philippus·
502 1407 572 1454 cum
592 1389 659 1452 acio
677 1390 906 1452 decernendum
920 1391 1038 1452 videret

73 1477 231 1553 dandique
245 1477 289 1539 ad
303 1493 339 1538 se
353 1476 578 1540 conuahondas
592 1474 685 1551 vires,
699 1476 832 1537 marrinm
846 1475 887 1536 de
900 1473 1037 1536 Achaiae

73 1559 199 1635 mbibus,
216 1561 358 1636 regioms
371 1561 410 1621 ab
425 1577 460 1622 se
475 1560 631 1636 diversae,
654 1568 684 1621 et
697 1561 796 1634 magis
810 1568 911 1620 umen
927 1559 966 1618 de
979 1559 1036 1618 Ar·

72 1643 109 1716 gis
131 1661 217 1719 auam
236 1646 279 1706 de
300 1643 446 1706 corintho
465 1643 629 1717 sollicitus,
656 1643 805 1719 optimum
823 1650 908 1704 ratus
927 1641 1037 1702 Nabidi

71 1742 126 1788 eam
141 1727 455 1790 Lacedaemoniorum
478 1735 611 1806 tyranno
636 1729 720 1788 velut
740 1727 931 1789 fiduciariam
953 1725 1036 1800 dare,

71 1812 208 1874 atriolori
222 1812 285 1874 sibi
299 1813 487 1884 resauerct,
509 1813 536 1874 si
553 1811 627 1886 quid
641 1810 765 1872 aduersi
778 1810 954 1884 accidisset,
969 1809 1037 1884 ipse

71 1891 190 1972 haberet,
199 1895 344 1973 Philocli,
361 1897 413 1972 qui
429 1894 570 1957 Gorintho
585 1896 740 1969 Argisque
756 1901 906 1970 praeerat,
922 1893 1037 1964 scribit,

73 1985 260 2058 ιιιγιιιιιιιιιιιι
272 1979 342 2056 ipse
353 1979 539 2043 conveniret.
554 1978 715 2052 lhilocles,
723 1985 939 2053 praeterquam
953 1975 1037 2050 quod

73 2059 119 2122 lam
132 2065 274 2126 umicbat
286 2080 354 2126 cum
370 2078 511 2137 munere,
532 2061 640 2135 adicit,
655 2063 695 2122 ad
709 2062 821 2137 pignus
837 2063 957 2122 laturae
971 2059 1037 2134 regi

71 2160 127 2206 ιιιιιι
137 2154 269 2224 tyomno
283 2148 434 2210 ornicitiae
446 2147 526 2208 filias
541 2162 616 2207 auos
630 2161 735 2220 regem
746 2145 874 2206 Nabidis
888 2143 958 2204 liliis
974 2159 1036 2202 ma-

72 2229 194 2294 trimonio
216 2230 408 2308 coniungere
421 2233 510 2292 valle.
542 2237 694 2308 tyrannus
708 2229 807 2306 primo
822 2243 936 2304 negare
951 2227 1037 2288 aliter

72 2313 160 2376 orbem
180 2333 248 2378 eam
267 2331 303 2377 se
323 2321 539 2392 acceptamus,
556 2314 616 2374 nisi
630 2314 816 2389 Argivorum
829 2314 968 2389 ipsorum
983 2311 1033 2372 de·

71 2406 137 2460 ueto
156 2400 324 2464 arcessitam
346 2400 385 2461 ad
407 2397 553 2462 aurilium
572 2398 658 2459 urbis
679 2404 778 2458 esset·
804 2396 917 2458 deinde
929 2403 964 2454 ut
978 2397 1034 2455 he

70 2484 157 2554 quana
181 2485 327 2545 condono
351 2499 414 2546 nou
439 2489 621 2559 aspernatos
646 2481 739 2542 modo
766 2479 826 2541 scd
844 2479 1037 2539 abominatos

70 2563 144 2626 etiam
166 2581 280 2630 nomen
304 2568 425 2644 tmonni
446 2567 576 2639 aodimt,
603 2581 729 2625 causam
749 2579 786 2624 se
806 2561 959 2656 spoliandi
980 2575 1036 2621 eos

69 2656 174 2713 nactum
192 2658 297 2726 ratus,
318 2653 441 2713 undare
460 2653 513 2714 ubi
532 2651 625 2710 vehet
637 2647 745 2708 urbem
758 2645 924 2706 Philoclem
937 2643 1036 2704 iussit

69 2736 170 2796 raom
162 2735 279 2812 gnaris
300 2735 441 2798 omnibus
464 2740 619 2834 acceptus·
627 2732 657 2792 in
673 2732 780 2793 urbem
801 2735 850 2791 est
868 2736 1036 2806 tyrannus·

69 2816 229 2889 primaluoe
241 2828 394 2895 occupata
404 2821 678 2895 ommasuperrora
688 2818 759 2877 loca
768 2819 942 2891 portaeque
953 2813 1035 2876 clau

70 2915 122 2960 sae.
145 2904 254 2978 paucis
274 2904 462 2980 principium
482 2905 561 2964 inter
581 2901 716 2977 primum
731 2900 890 2961 tumultum
910 2897 1036 2974 elapsis,

69 2995 160 3046 θιιιιιιι
174 2987 348 3050 absentium
369 2988 511 3063 direptae
518 2989 678 3056 fortunae·
699 2982 914 3059 praesentibus
928 2997 1036 3044 aarum

68 3070 147 3142 alque
171 3079 331 3147 argentum
352 3072 500 3145 ablatum
528 3069 679 3167 pecuniae
699 3069 866 3144 imperatae
886 3067 1035 3141 ingentes

69 3151 111 3222 qui
128 3169 188 3215 uon
209 3163 388 3218 cunctanter
403 3156 574 3230 contulere,
596 3154 663 3214 sine
678 3151 863 3213 contumelia
876 3157 907 3210 et
920 3151 1035 3210 lacera·

69 3232 138 3297 lloue
152 3253 316 3315 corporum
337 3240 473 3311 dimissi·
496 3255 580 3316 quos
590 3237 733 3300 occulere
746 3241 799 3298 aut
812 3232 968 3294 retrahere
982 3229 1035 3290 ali-

69 3317 132 3390 quid
150 3323 371 3398 suspiciatur,
393 3324 425 3384 in
440 3325 582 3386 servilem
589 3322 721 3383 modum
736 3317 861 3380 lacerati
876 3322 968 3388 atque
981 3328 1034 3374 ex-

69 3402 135 3463 torti.
166 3408 310 3469 contione
337 3407 409 3468 inde
437 3407 590 3470 advocata
614 3405 806 3480 rogationem
833 3395 1036 3476 promulgavit

67 3501 147 3550 arun
159 3489 200 3551 de
212 3491 328 3554 tabrdin
340 3493 439 3568 uaris,
454 3495 580 3555 alteram
591 3492 631 3552 de
644 3502 722 3564 agro
734 3485 844 3547 uiritim
859 3481 1024 3544 dividendo

101 3587 198 3633 τιιιι.
214 3590 289 3638 rans
304 3577 357 3637 lV.
809 3577 826 3630 6
