2482 3902
185 209 248 274 160
260 205 513 268 ltlsslditxxxlv.
523 205 762 266 deponenda.
777 208 815 276 [tt.
822 207 858 262 U.
866 210 959 267 anlt.
967 223 993 266 t.
1001 207 1035 261 0.
1043 209 1105 276 195]

184 369 317 442 tyranno
328 356 463 418 relictam
470 355 748 423 Lacedaemonem
763 369 868 430 regem
880 361 982 416 aumm
992 355 1163 434 legitimum,

186 446 240 523 qui
260 443 290 504 in
308 441 456 503 Romanis
481 439 574 502 tuerit
598 439 726 513 naonis,
752 445 937 514 ceterosque
957 440 1163 504 nobilissimos

173 531 270 591 ‘cives
290 527 320 586 in
335 523 445 586 exsilio
459 524 612 593 victuram
633 523 759 584 Nabidis
787 521 978 584 dominantis
1008 525 1164 588 satellitem

182 615 297 674 tactum
325 609 476 686 populum
503 609 685 669 Romanurn.
725 607 883 681 Quinctius
913 607 954 668 ab
977 607 1074 684 Arpis
1101 607 1163 672 Ela-

184 698 271 770 tiam,
290 694 375 755 uude
388 693 432 752 ad
447 693 561 754 bellum
577 691 760 781 Quamnam
781 692 941 766 protectus
957 699 1037 766 eret,
1061 693 1163 769 copias

184 778 315 842 reduxit.

268 863 347 924 suut
366 861 421 938 qui
438 875 500 921 non
521 876 562 920 ex
574 859 694 935 oppido
708 858 957 935 proficiscentem
971 859 1087 940 bellom
1100 877 1163 937 ges·

185 949 266 1010 sisse
278 955 443 1025 mannum
453 943 586 1018 tradant,
602 944 659 1005 sed
674 942 784 1006 eastun
800 943 951 1006 adversus
960 944 1104 1010 Romana
1114 962 1163 1022 po·

185 1033 251 1094 sitis
274 1037 394 1099 eastum
426 1029 543 1105 diuque
564 1032 737 1090 annotatum
761 1025 835 1103 quia
854 1029 1035 1092 Aetolorum
1057 1031 1164 1092 auxilia

183 1120 415 1192 exspectasset,
436 1121 577 1175 ooamum
598 1113 638 1174 ad
660 1119 829 1174 eittremum
851 1113 918 1173 acie
931 1111 1101 1188 confligere
1115 1115 1164 1176 irn-

184 1207 260 1276 patu
279 1199 309 1258 in
327 1198 529 1274 pabulatores
558 1211 633 1260 suos
654 1197 694 1256 ab
715 1196 866 1258 Romanis
889 1198 989 1268 iact03
1015 1213 1057 1260 eo
1078 1215 1161 1274 proe

185 1285 225 1344 lio
247 1283 359 1344 victum
385 1283 558 1358 castrisque
583 1287 709 1342 oxutrun
730 1295 842 1355 paoem
866 1281 1000 1356 petisse,
1027 1297 1098 1344 oum
1119 1299 1162 1344 ce·

185 1369 334 1428 cidissent
353 1367 528 1443 quindecim
550 1366 633 1426 milia
651 1365 794 1439 militurn,
822 1372 913 1440 capta
933 1367 1003 1440 plus
1026 1373 1164 1442 quattuor

185 1454 266 1513 milia
280 1458 395 1512 essent.

268 1537 356 1598 Ruit.
376 1535 495 1596 undem
510 1535 573 1594 lere
587 1540 726 1608 tempure
738 1539 771 1592 et
785 1547 805 1592 a
817 1533 850 1592 T.
867 1533 1005 1608 anctio
1022 1533 1165 1598 derebus

185 1619 224 1678 ad
246 1620 507 1680 Lacedaemonem
527 1619 623 1692 gestis
644 1626 674 1678 et
691 1633 714 1676 a
726 1615 767 1676 Μ.
781 1615 892 1680 Porcio
909 1617 1044 1680 consule
1063 1633 1104 1682 ex
1117 1619 1165 1680 Hi-

185 1703 294 1776 spania
315 1703 431 1762 litterae
451 1703 583 1765 adlatae.·
609 1701 771 1777 utriusque
788 1702 913 1762 nomine
934 1702 965 1764 in
977 1703 1048 1765 ‚dies
1063 1709 1164 1765 terrm

186 1787 367 1862 supplicatio
382 1785 420 1847 ab
436 1795 545 1848 senatu
561 1787 686 1846 decreta
699 1793 756 1846 est.
777 1786 810 1846 L.
822 1786 965 1849 Valerius
978 1787 1088 1848 consul
1098 1803 1164 1848 cum

186 1878 258 1946 post
273 1871 365 1932 lusos
387 1871 469 1932 circa
481 1871 617 1932 Litanam
638 1869 749 1931 silvam
769 1869 865 1932 Boios
890 1871 1024 1947 quietam
1044 1873 1165 1946 provin·

186 1956 264 2015 ciam
278 1955 452 2031 habuisset,
468 1953 656 2016 comitiorum
672 1970 768 2015 cansa
781 1955 911 2016 Romam
924 1955 1024 2032 rediit,
1039 1964 1070 2017 et
1084 1971 1166 2018 orea-

185 2039 229 2099 vit
243 2041 387 2101 eonsules
401 2039 434 2098 P.
448 2038 623 2100 camellum
637 2037 814 2114 Scipionem
826 2039 1005 2102 Africanum
1018 2040 1130 2104 iterum
1141 2049 1169 2102 at

184 2123 228 2183 Ti.
243 2121 458 2198 Sempronium
471 2123 619 2196 Longum.
651 2121 762 2184 borum
782 2130 886 2200 patres
907 2125 1006 2200 primo
1020 2141 1103 2186 anno
1119 2141 1168 2186 se-

186 2207 277 2267 cundi
286 2206 392 2267 Punici
406 2206 478 2266 belli
491 2206 778 2267 consulesiuerunt
796 2208 950 2283 praetoria
961 2209 1033 2270 iude
1045 2209 1169 2273 cornilio

185 2289 303 2350 habita:
332 2290 429 2351 creati
447 2289 788 2366 l‘.1cornelius=soipto
808 2299 838 2353 et
863 2293 925 2356 duo
945 2293 999 2356 du.
1024 2293 1169 2368 cornelii,

185 2373 333 2435 Merenda
340 2381 377 2436 rot
390 2375 509 2451 Rlasio,
532 2381 563 2436 et
576 2375 629 2436 Cn.
643 2373 793 2441 Domitius
808 2377 1035 2442 Ahenobarbus
1048 2384 1082 2440 et
1096 2376 1169 2449 Sex.

186 2459 360 2534 Digitinsot
373 2459 405 2520 T.
421 2459 578 2523 luventius
592 2460 717 2522 thalna
753 2461 883 2523 comitiis
898 2463 1043 2538 perlectis
1060 2463 1168 2526 consul

185 2544 216 2604 in
231 2545 422 2620 provinciam
437 2545 536 2610 rediit.

269 2629 390 2692 Novum
407 2631 457 2692 ius
479 2647 517 2692 eo
533 2648 613 2692 anno
628 2647 647 2691 a
660 2629 903 2693 Ferentinatibus
917 2637 1117 2708 temptatum,
1139 2639 1169 2693 ut

184 2712 290 2785 Latini,
308 2715 360 2790 qui
374 2715 404 2773 in
417 2716 570 2776 coloniam
580 2717 751 2776 Romanam
764 2715 888 2778 nomina
899 2716 1069 2793 dedissent,
1085 2717 1169 2778 cives

184 2795 315 2855 Romani
338 2804 450 2856 essent.
484 2799 628 2860 Puteolos
638 2798 867 2877 ‘Salernumque
881 2801 1101 2865 etRuxentutn
1117 2802 1169 2864 ad·

163 2891 167 2898 ·
185 2879 292 2954 scripti
306 2881 422 2954 uoloni,
446 2883 497 2958 qui
512 2883 636 2944 nomina
648 2883 805 2960 dederant,
816 2893 858 2948 ot
871 2902 942 2948 cum
957 2887 997 2950 ob
1013 2886 1046 2948 id
1060 2903 1096 2948 se
1110 2903 1169 2963 pro

181 2961 303 3025 civibus
318 2965 464 3026 Romanis
486 2967 614 3040 terrent,
632 2975 763 3030 *senatus
783 2969 929 3033 iudicavit
943 2989 1010 3034 non
1020 2987 1098 3035 asse
1112 2987 1169 3032 eos

184 3046 262 3109 civis
279 3048 448 3111 Romanos.

268 3132 370 3194 nortl.
383 3132 543 3212 'Principio
559 3135 630 3198 anni
646 3137 751 3213 quo-P.
765 3139 870 3216 Scipio
881 3139 1047 3202 Africanus
1057 3141 1168 3204 ilerum

184 3224 215 3278 el
227 3217 269 3277 Ti.
278 3217 483 3296 *Sempronius
495 3221 619 3297 Longus
635 3225 779 3284 consules
792 3225 921 3298 luerunt,
935 3225 1029 3300 legati
1039 3225 1169 3286 Nabidis

183 3303 305 3378 tyranni
319 3303 449 3365 Romam
468 3313 624 3366 venerunt.
655 3306 694 3367 iis
708 3315 796 3369 extra
808 3309 962 3371 urbemiu
977 3309 1056 3371 aeda
1069 3309 1166 3385 Apol-

183 3383 253 3444 linis
267 3394 392 3448 senatus
409 3389 498 3451 datus
513 3395 569 3450 est.
587 3405 654 3464 pax
669 3407 749 3467 quae
764 3408 834 3453 oum
846 3393 879 3453 Τ.
896 3393 1035 3468 Quinctio
1051 3407 1169 3458 coure-

184 3465 295 3537 nisset,
317 3478 350 3529 ut
370 3479 435 3531 rata
455 3480 553 3548 esset,
574 3474 726 3548 petierunt
738 3476 1013 3554 impetraruntque.
1040 3478 1080 3540 de
1094 3493 1169 3556 pro-
