2482 3902
225 209 341 270 ιιιιι
354 209 486 270 xxxin.
511 210 593 270 cnr.
607 219 652 272 ιι.
667 218 709 274 ιι.
733 211 768 287 [ι.
784 215 817 269 o.
833 211 894 287 196]
989 208 1048 274 ror

59 367 126 421 tatu
148 365 180 420 ct
200 357 345 420 obscenis
360 356 420 420 illis
437 357 509 420 viris
526 361 695 422 tremebant
709 359 916 431 interiectum
940 359 1050 422 animis

59 452 167 505 autem
184 441 378 518 Zeuxippum
392 451 550 506 auctorem
565 443 760 504 destinabant
773 443 889 505 caedis.
916 443 946 504 in
963 461 1050 520 prae-

59 526 165 588 sentia
185 525 302 603 placuit
317 527 538 602 comprehendi
553 544 609 589 eos
622 527 675 602 qui
690 527 780 589 simul
794 527 940 601 luissent,
956 544 1049 604 quaes

59 609 263 687 stionemque
277 625 317 670 ex
331 609 380 671 his
394 609 510 672 haberi.
553 611 605 688 qui
619 613 692 674 dum
707 622 904 688 quaeruntur,
918 611 1050 687 Zeuxip·

59 712 123 771 pus
138 701 170 756 et
187 692 342 756 constanti
356 693 458 755 animo
474 695 635 758 avertendi
654 696 693 757 ab
709 713 744 757 se
759 695 894 758 criminis
909 713 1005 759 causa
1018 695 1049 756 ιι

61 779 245 842 contionem
260 793 462 854 progressus,
484 795 587 842 errare
606 779 649 842 ait
668 780 809 842 homines
826 780 878 858 qui
893 791 954 842 tam
968 787 1049 842 atro·

61 879 132 924 cem
149 862 279 924 caedem
294 861 448 938 pertinere
462 865 503 924 ad
517 863 588 926 illos
602 864 765 926 semiviros
781 866 956 938 crederent;
973 866 1049 926 mul-

61 953 158 1022 taque
173 945 206 1008 ιι
221 963 291 1009 eam
312 953 431 1022 partem
450 948 649 1024 probabiliter
668 955 914 1024 argumentatus,
936 947 1049 1026 quibus

62 1031 157 1092 fidem
185 1032 270 1107 apud
296 1033 449 1108 quosdam
470 1033 542 1094 lecit
566 1049 748 1108 numquam,
774 1031 801 1092 si
822 1031 882 1094 sibi
903 1031 1048 1094 conscius

62 1123 166 1188 esset,
184 1116 358 1178 oblaturum
372 1133 407 1178 se
421 1115 605 1178 multitudini
619 1116 845 1179 mentionemve
860 1115 927 1178 eius
942 1115 1048 1178 caedis

62 1200 148 1260 nullo
172 1201 351 1262 lacessente
372 1201 521 1264 iacturum
544 1200 651 1264 luisse.
694 1201 745 1262 alii
760 1216 821 1260 non
841 1199 980 1262 dubitare
994 1199 1049 1258 im-

62 1283 221 1360 pudenter
236 1281 360 1346 obviam
375 1286 478 1347 eundo
493 1285 612 1346 crimini
626 1283 837 1362 suspicionem
851 1282 957 1344 averti.
979 1281 1049 1344 torti

60 1375 138 1444 post
151 1369 248 1446 paulo
263 1366 413 1445 insontes,
429 1386 498 1431 cum
514 1369 629 1431 scirent
642 1369 703 1446 ipsi
717 1368 806 1441 nihil,
824 1367 969 1444 opinione
985 1382 1048 1428 om·

58 1451 149 1516 nium
170 1469 228 1530 pro
248 1450 363 1516 indicio
384 1454 435 1516 usi
454 1453 648 1530 Zeuxippum
663 1463 693 1516 et
706 1453 897 1514 Pisistratum
911 1448 1049 1512 nomina-

59 1546 177 1600 verunt
191 1537 275 1598 nullo
291 1537 429 1611 adiecto,
445 1554 501 1600 cur
517 1538 597 1600 scire
613 1537 779 1614 quicquam
792 1536 985 1609 viderentur,
1000 1549 1048 1594 ar·

59 1629 221 1698 gumento.
242 1619 422 1698 Zeuxippus
437 1629 537 1684 tamen
549 1639 618 1684 cunr
626 1621 801 1684 Stratonida
813 1621 947 1698 quodam
958 1625 1049 1682 nocte

59 1705 201 1782 perfugit
213 1707 392 1782 Tanagram,
409 1723 498 1768 suam
512 1707 611 1783 magis
626 1705 849 1770 conscientiam
864 1721 956 1780 quam
970 1702 1047 1766 indi·

60 1790 111 1850 ciu
122 1806 146 1849 ι
160 1789 319 1851 hominum
333 1790 447 1854 nullius
461 1790 507 1852 rei
522 1789 718 1852 consciorum
731 1798 881 1852 metuens.
908 1786 1047 1850 Pisistra-

61 1882 110 1936 tus
131 1873 247 1950 spretis
262 1872 535 1938 indicibus'lhebis
551 1874 671 1936 mansit.
695 1890 805 1936 servus
816 1869 1049 1948 eratZeuxippi‚

61 1959 159 2020 totius
175 1957 380 2022 internuntius
394 1967 425 2022 et
439 1957 577 2021 minister
590 1958 645 2030 rei,
663 1974 754 2034 quern
765 1956 898 2019 indicem
908 1955 1049 2018 Pisistra·

60 2049 110 2104 tus
127 2041 241 2104 timens
256 2059 294 2112 eo
310 2042 380 2119 ipso
395 2043 503 2106 timore
517 2060 583 2105 rem
597 2043 637 2104 ad
651 2041 797 2104 iodicium
811 2040 969 2118 protraxit.
1003 2037 1049 2098 lit-

60 2133 148 2188 teras
162 2127 204 2187 ad
217 2126 410 2204 Zeuxippum
428 2127 531 2202 mittit,
551 2137 585 2190 ut
599 2144 722 2188 servum
739 2124 900 2189 conscium
913 2124 1049 2186 tolleret=

59 2226 122 2272 non
141 2219 205 2271 tam
219 2211 366 2272 idoneum
380 2211 420 2272 ad
436 2214 596 2274 celandam
609 2229 674 2272 rern
689 2228 760 2273 eurn
775 2207 873 2272 videri
886 2205 945 2270 sibi
958 2223 1050 2284 quam

58 2297 100 2356 ed
112 2295 273 2370 agendam
288 2294 388 2358 fucrit
429 2297 488 2358 hos
509 2295 562 2374 qui
577 2297 689 2358 tulerat
702 2295 835 2368 litteras,
851 2293 958 2355 iussus
971 2291 1049 2352 Zeu-

59 2378 162 2456 xippo
178 2380 253 2440 dare
269 2379 522 2456 quamprimum,
544 2378 618 2456 quia
637 2397 700 2443 ιοι
722 2378 823 2442 statim
845 2371 1050 2438 conveniendi

59 2462 128 2524 eius
146 2462 242 2539 copia
256 2463 325 2539 luit,
347 2463 412 2526 illi
404 2463 466 2542 rpsi
480 2481 573 2527 servo
581 2481 697 2540 ,quern
712 2479 752 2524 ex
766 2461 909 2524 omnibus
924 2457 1049 2520 domino

60 2545 251 2609 fidissimum
273 2548 434 2622 credebat,
447 2548 565 2622 tradit,
587 2556 618 2608 et
636 2545 731 2608 adicit
750 2563 769 2606 a
788 2543 956 2608 Pisistrato
962 2541 1002 2602 de
1016 2555 1050 2600 re

61 2647 178 2706 magno
193 2646 290 2708 opere
304 2632 476 2708 pertinente
491 2633 532 2692 ad
545 2630 739 2708 Zeuxippum
755 2644 837 2690 esse.
858 2623 1051 2688 conscientia

59 2713 157 2792 ictus,
169 2731 241 2778 cum
260 2718 414 2814 externplo
436 2715 616 2778 traditurum
636 2730 690 2776 eas
712 2713 921 2784 adfirmasset,
942 2707 1050 2785 aperit,

61 2799 274 2878 perlectisque
286 2800 331 2862 litt
319 2800 393 2862 teris
404 2799 664 2878 pavidusl'hebas
676 2795 788 2874 refugit
798 2805 829 2858 et
839 2795 880 2858 ad
892 2793 1050 2872 magistra·

60 2893 110 2944 tus
127 2883 277 2946 indicium
292 2887 347 2946 del
345 2893 399 2946 ιιι.
422 2894 453 2948 ιι
465 2884 646 2962 Zeuxippus
662 2881 816 2960 quideml
815 2899 876 2958 uga
890 2878 973 2942 servi
985 2894 1050 2940 mo·

61 2977 111 3028 tus
128 2969 357 3044 Anthedonem,
372 2969 514 3032 tutiorem
527 2967 638 3031 exsilio
651 2969 754 3030 locum
764 2976 859 3038 ratus,
876 2962 1048 3026 concessit:

61 3051 102 3111 de
122 3051 284 3116 Pisistrato
306 3053 439 3132 aliisque
465 3052 666 3130 quaestiones
691 3050 851 3114 tormentis
875 3048 998 3110 habitae
1019 3054 1050 3106 et

60 3145 221 3213 sumptum
237 3137 425 3216 supplicium
440 3147 496 3199 est.

147 3223 253 3290 XXIX.
290 3221 439 3283 Efferavit
463 3236 501 3283 ea
523 3221 637 3283 caedes
660 3220 824 3281 Thebanos
848 3218 1048 3286 Boeotosque

61 3304 164 3368 omnis
185 3307 225 3367 ad
241 3305 435 3369 exsecrabile
450 3305 556 3367 odium
569 3307 794 3374 Romanorum,
816 3297 970 3360 credentis
986 3310 1048 3358 non

65 3386 133 3450 siue
153 3389 285 3455 consilio
306 3388 502 3466 imperatoris
523 3387 655 3452 Romani
669 3385 862 3460 Zeuxippum
877 3378 1048 3474 prinoipem

64 3472 161 3544 gentis
177 3474 209 3535 id
224 3472 345 3535 lacinus
361 3472 533 3534 conscisse.
566 3472 607 3532 ad
621 3468 831 3531 rebellandum
847 3480 949 3539 neque
963 3461 1047 3520 vires
