2482 3902
261 229 376 290 tlssltR
390 229 524 290 xxxiv.
547 231 745 306 caueae.
766 240 847 308 [ac.
861 242 923 310 195]
1021 239 1085 305 127

94 383 218 444 liuntur,
242 381 376 444 omnium
389 397 489 442 rerum
501 383 678 456 libertatem,
690 384 781 454 immo
794 385 955 463 licentiam,
968 389 995 450 si
1007 407 1084 454 vere

94 467 197 528 dicere
212 468 369 538 volumus,
392 467 579 526 desiderant.
608 468 683 543 quid
698 469 787 542 enim,
804 470 830 530 sl
845 470 905 532 lroc
920 487 1079 550 expugna·

94 549 206 622 verint,
228 567 290 611 non
312 551 521 626 tempubuntr
554 551 603 610 lli.
626 559 787 614 recensete
802 556 1079 620 omniamuliebria

93 636 174 709 iura,
198 635 309 710 quibus
324 634 476 694 licentiam
490 650 596 696 earum
609 635 811 711 adligaverint
824 640 956 700 maiores
970 643 1078 719 nostri,

93 734 150 795 per
173 733 316 795 quaeque
336 717 522 780 subiecerint
541 719 633 789 viris;
657 720 778 796 quibus
790 723 933 784 omnibus
948 727 1078 786 constri-

94 809 158 864 ctas
173 803 227 862 vix
248 810 349 862 tamen
364 803 520 864 continere
537 803 676 878 potestis.
714 805 811 881 quidl
831 807 857 867 si
873 823 1000 884 carpere
1014 809 1078 870 sin·

92 889 164 963 gula
186 894 217 948 et
236 893 420 967 extorquere
441 894 472 948 et
489 889 615 964 aequari
636 889 676 949 ad
697 897 866 950 extremum
886 891 961 952 viris
983 895 1077 969 palle-

93 972 175 1045 mini,
194 970 369 1032 tolerabiles
384 972 473 1033 vobis
488 986 541 1032 eas
559 973 624 1032 lore
639 973 785 1034 creditis?
806 977 969 1052 extemplo,
986 979 1078 1040 simul

93 1071 185 1132 pares
202 1057 449 1132 essecoeperint,
465 1057 643 1132 superiores
656 1064 752 1116 erunt.
775 1065 806 1120 at
816 1059 940 1119 hercule
952 1077 991 1121 ne
1003 1063 1077 1137 quid

93 1157 207 1201 novum
229 1140 259 1199 in
280 1155 334 1200 eas
354 1147 479 1215 rogetur
498 1145 659 1210 recusant;
688 1143 834 1217 nonius,
860 1144 917 1202 sed
937 1143 1081 1209 iniuriam

93 1226 307 1300 deprecantur.
329 1223 420 1286 immo
435 1233 469 1286 ut
484 1241 576 1301 quam
590 1225 757 1301 accepistis
771 1225 907 1286 iussistis
918 1227 1080 1302 sullragiis

93 1307 205 1369 vestris
221 1309 328 1384 legem,
345 1325 436 1384 quam
452 1325 512 1370 usu
525 1317 569 1370 tot
582 1325 732 1370 annorum
746 1318 776 1371 et
791 1311 981 1386 experiendo
994 1327 1077 1372 com-

94 1393 264 1470 probastis,
290 1392 369 1454 hanc
394 1401 427 1454 ut
451 1394 621 1469 abrogatis=
654 1394 686 1454 id
707 1402 755 1456 est
775 1401 809 1454 ut
828 1410 920 1454 unam
942 1396 1077 1458 tollenda

6 1515 7 1522 κ
93 1480 192 1553 legem
215 1485 334 1538 ceteras
348 1477 516 1538 infirmetis.
549 1479 632 1540 nulla
646 1480 697 1539 lex
712 1478 788 1540 satis
804 1479 966 1540 commoda
981 1480 1078 1541 omni-

92 1563 149 1622 bus
169 1567 232 1622 est=
254 1561 284 1621 id
301 1562 392 1623 modo
409 1563 572 1638 quaeritur,
589 1563 616 1624 si
630 1563 738 1623 maiori
750 1563 828 1639 parti
844 1563 916 1623 etin
927 1579 1080 1626 summam

93 1647 231 1722 prodest.
254 1645 281 1706 si
297 1647 381 1721 quod
393 1648 535 1722 cuiquam
548 1647 688 1722 privatim
699 1647 814 1708 olliciet
824 1647 881 1721 ius,
897 1647 928 1708 id
939 1648 1079 1710 destruet

92 1747 128 1791 ac
144 1730 335 1804 demolietur,
352 1731 426 1806 quid
441 1730 578 1792 attinebit
591 1731 754 1792 universos
764 1747 876 1806 rogare
886 1733 982 1808 leges,
998 1749 1080 1811 quas

92 1831 165 1875 mox
190 1815 342 1890 abrogare
368 1815 398 1874 in
420 1831 500 1891 quos
521 1816 599 1875 latae
621 1821 692 1876 sunt
713 1816 854 1891 possintl
883 1817 954 1875 volo
975 1823 1079 1878 tamen·

6 1895 7 1960 2
94 1899 210 1974 audire,
226 1899 301 1976 quid
315 1900 355 1960 sit
374 1906 500 1976 propter
516 1899 600 1974 quod
611 1906 769 1960 matronae
781 1906 994 1962 consternatae
1006 1917 1077 1978 pro·

6 1983 8 2052 ζ
95 1985 285 2044 cucurrerint
302 1981 332 2042 in
355 1983 509 2059 publicum
529 1998 566 2043 ac
579 1984 632 2044 vix
647 1985 714 2044 loro
731 1998 767 2043 se
782 1989 813 2043 et
827 1984 970 2046 contione
984 1986 1077 2046 absti-

96 2074 195 2128 neant.
228 2075 262 2129 ul
283 2068 395 2144 captivi
415 2069 453 2128 ab
468 2068 638 2128 Hannibale
657 2069 846 2129 redimantur
861 2075 1005 2144 parentes
1021 2068 1078 2130 viri

95 2151 181 2212 liberi
196 2152 305 2214 iratres
321 2159 446 2212 earum?
468 2152 576 2228 procul
591 2153 692 2228 abest,
711 2152 855 2230 absitque
869 2169 993 2230 semper
1007 2153 1077 2214 talis

97 2236 216 2298 lortuna
235 2237 280 2298 rei
303 2236 458 2312 publicae:
485 2237 541 2296 sed
563 2242 662 2296 tamen
683 2253 752 2298 cum
773 2237 843 2313 luit,
866 2237 1003 2314 negastis
1017 2238 1078 2299 hoc

97 2321 154 2394 piis
180 2321 325 2396 precibus
346 2337 460 2381 earum.
492 2327 524 2382 at
542 2337 605 2382 non
626 2321 722 2396 pietas
744 2337 801 2382 nec
823 2321 997 2384 sollicitudo
1020 2339 1079 2398 pro

96 2405 170 2480 suis,
191 2405 249 2466 sed
263 2404 370 2480 religio
386 2406 583 2481 congregavit
597 2420 665 2476 eas;
689 2413 817 2465 matrem
831 2407 956 2466 Idaeam
970 2423 989 2466 a
1003 2407 1077 2466 Pes·

96 2489 218 2550 sinunte
233 2505 273 2550 ex
287 2489 421 2569 Phrygia
434 2490 608 2550 venientem
622 2495 808 2564 accepturae
823 2495 903 2548 sunt.
935 2490 1009 2564 quid
1022 2489 1076 2548 lro-

96 2580 214 2635 nestum
225 2574 309 2635 dictu
320 2575 428 2634 saltem
443 2573 587 2634 seditioni
603 2572 812 2648 praetenditur
823 2572 984 2631 muliebria
998 2617 1015 2645 ‚,
1024 2579 1078 2647 „ut

97 2665 208 2720 auroet
219 2675 356 2736 purpura
369 2659 586 2734 fulgeamus““
599 2657 712 2732 inquit;
728 2661 809 2730 „„ut
821 2655 976 2731 carpentis
990 2657 1077 2716 lestis

99 2743 304 2820 profestisque
326 2743 451 2817 diebus,
473 2745 557 2802 velut
576 2740 798 2816 triumphantes
813 2740 853 2799 de
868 2742 936 2814 lege
952 2740 1034 2800 victa
1048 2748 1079 2802 et

6 2827 8 2864 ³
99 2825 242 2904 abrogata
256 2834 287 2888 et
302 2827 399 2904 captis
415 2835 445 2888 et
459 2827 571 2902 ereptis
586 2825 743 2900 suffragiis
757 2823 885 2900 vestris,
902 2841 958 2900 per
971 2824 1079 2886 urbem

6 2939 8 2994 3
99 2918 267 2983 vademur,
290 2928 329 2972 ne
343 2912 425 2972 ullus
440 2911 551 2972 modus
567 2911 756 2986 sumptibus,
772 2924 811 2969 ne
827 2909 967 2971 luxuriae
982 2907 1079 2970 sit.““

97 2994 149 3054 lv.
176 3012 292 3073 „saepe
312 3012 362 3056 me
382 3003 560 3072 querentem
579 2996 619 3055 de
634 2993 812 3054 laminarum
833 3009 929 3071 saepe
944 2995 983 3054 de
997 2995 1077 3054 viro

6 3089 8 3146 l
98 3094 178 3154 rum,
197 3097 255 3142 nec
276 3082 316 3142 de
337 3081 526 3156 privatorum
546 3080 638 3140 modo
661 3079 718 3139 sed
739 3079 829 3141 etiam
840 3079 1077 3155 magistratuum

6 3195 7 3200 κ
99 3167 266 3240 sumptibus
282 3164 429 3235 audistis3
453 3165 648 3240 diversisque
663 3163 784 3225 duobus
799 3163 889 3235 vitiis,
906 3161 1033 3222 avaritia
1047 3167 1078 3220 et

6 3271 7 3308 t
100 3246 229 3323 luxuria,
257 3249 409 3310 civilatem
431 3250 587 3323 laborare,
615 3261 695 3324 quae
719 3253 823 3322 pestes
845 3246 947 3306 omnia
966 3259 1078 3318 magna

6 3329 7 3338 ’
99 3328 222 3406 imperia
241 3341 426 3395 everterunt.
462 3333 539 3392 haec
560 3347 634 3408 ego,
658 3347 719 3407 quo
740 3329 848 3390 melior
861 3329 1031 3404 laetiorque
1045 3327 1076 3386 in

6 3485 8 3490 Ι
101 3411 343 3479 diesiortunarei
355 3415 497 3494 publicae
505 3424 560 3490 est,
569 3415 791 3491 imperiumque
800 3411 1007 3486 crescit-et
1018 3411 1077 3470 iam

101 3495 136 3558 iu
148 3499 301 3564 Graeclam
315 3503 484 3578 Asiamque
498 3499 743 3562 transcendimus
759 3495 901 3557 omnihus
918 3495 1077 3556 libidinum
