2506 3898
247 247 363 308 LIBER
376 246 523 308 XXXVII.
544 245 626 306 CAP.
641 253 686 308 m.
696 253 741 310 rt.
761 252 797 321 [a.
811 251 918 321 0190]
1007 245 1070 308 299

87 403 174 459 ronta
206 404 363 474 postremo
384 397 435 458 dat
455 395 576 472 signum
597 397 676 472 suis,
702 403 736 458 ut
756 397 871 472 primos
891 397 1069 473 tugientium

86 481 237 557 caedant,
257 479 377 543 turbam
397 480 621 555 insequentium
635 481 716 542 terro
731 487 762 542 et
775 480 952 542 vulneribus
968 482 999 542 in
1014 482 1068 542 ho·

85 571 168 626 stem
187 565 337 641 redigant.
370 563 420 624 hic
439 564 536 624 maior
555 564 644 624 timor
663 565 810 626 minorem
830 563 911 626 vicit.
943 565 1068 641 ancipiti

86 649 189 710 coacti
206 655 289 710 metu
305 648 403 724 primo
418 647 634 718 constiterunt;
658 647 769 709 deinde
784 654 815 710 et
828 649 888 724 ipsi
902 649 1023 710 rediere
1036 650 1068 710 in

82 747 237 808 pugnam,
259 739 290 794 et
309 730 457 794 Aemilius
480 747 549 792 cunr
569 746 627 792 suo
648 731 954 814 praesidio-erant
967 739 1067 794 autem

84 816 151 877 duo
172 815 255 876 milia
275 815 409 877 viromm
423 814 546 876 tortium
555 847 600 861 -·
609 813 708 876 effuse
723 815 864 891 sequenti
878 815 943 890 regi
957 815 1068 878 acriter

83 897 212 961 obstitit.
240 905 271 959 et
283 900 402 962 Attalus
416 897 561 960 Eumenis
583 899 675 960 irater
691 898 730 958 ab
745 898 853 960 dextro
869 914 981 973 cornu,
1003 915 1066 974 quo

82 984 209 1044 laevum
223 981 357 1046 hostium
371 982 469 1058 primo
483 982 598 1056 impetu
612 983 746 1056 iugatum
761 981 868 1056 iuerat,
889 985 923 1043 ut
937 982 975 1042 ab
993 981 1065 1043 sini·

83 1074 151 1128 stro
167 1068 271 1142 iugum
285 1083 410 1128 suorum
424 1072 455 1127 et
467 1067 626 1127 tumultum
640 1064 722 1128 cirea
736 1072 837 1126 castra
850 1065 933 1137 vidit,
949 1065 979 1126 in
992 1075 1065 1127 tem-

82 1165 165 1226 pore
186 1167 256 1210 cum
280 1150 420 1212 ducentis
445 1147 597 1225 equitibus
622 1149 755 1209 advenit
789 1148 958 1209 Antiochus
980 1156 1066 1224 post-

84 1249 180 1310 quam
194 1239 226 1294 et
239 1249 311 1306 eos,
328 1248 458 1310 quorum
473 1240 558 1307 terga
571 1232 664 1293 modo
679 1231 810 1305 viderat,
826 1232 993 1308 repetentis
1009 1248 1065 1307 pu·

82 1333 178 1394 gnam
199 1325 231 1378 et
250 1317 340 1380 aliam
361 1325 391 1380 et
404 1333 423 1376 a
437 1315 547 1378 castris
568 1323 599 1376 et
612 1331 652 1376 ex
665 1315 732 1376 acie
746 1315 933 1378 adfluentem
946 1315 1065 1376 turbam

82 1401 264 1477 conspexit,
283 1401 314 1462 in
332 1402 435 1477 nugam
448 1401 537 1461 vertit
550 1415 673 1475 equum.
707 1399 749 1459 ita
763 1407 894 1475 utroque
910 1414 1006 1459 cornu
1020 1401 1064 1458 vi-

82 1492 188 1546 ctores
202 1484 332 1546 Romani
345 1500 402 1561 per
415 1499 544 1545 acervos
559 1499 732 1559 corporum,
748 1499 828 1559 quos
842 1484 873 1544 iu
888 1483 988 1543 media
1002 1499 1064 1542 ma-

81 1569 167 1630 xime
182 1569 249 1628 acie
263 1569 497 1643 cumulaverant,
512 1568 565 1628 ubi
580 1574 611 1628 et
624 1567 719 1628 robur
732 1567 967 1628 fortissimorum
983 1566 1064 1628 viro-

81 1669 152 1712 rum
174 1658 205 1714 et
222 1668 308 1712 arma
331 1651 479 1728 gravitate
503 1652 606 1727 iugam
630 1649 845 1726 impedierant,
873 1657 1005 1727 pergunt
1024 1651 1064 1710 ad

82 1744 187 1796 castra
201 1735 380 1814 diripienda
404 1736 523 1810 equites
540 1735 628 1810 primi
639 1734 772 1795 omniurn
782 1734 936 1810 Eumenis,
952 1734 1064 1794 deinde

81 1827 115 1881 et
136 1819 215 1880 alius
237 1819 391 1898 equitatus
411 1826 474 1880 toto
495 1819 612 1894 passim
627 1833 735 1892 campo
751 1826 920 1892 sequuntur
933 1818 1062 1890 bostem,

84 1910 115 1967 rt
128 1911 318 1979 postremos,
333 1909 367 1963 ut
381 1916 522 1978 quosque
537 1900 640 1977 adepti
656 1907 740 1974 sunt,
756 1901 896 1961 caedunt.
931 1907 1064 1960 ceterum

81 1987 271 2062 fugientibus
293 1985 389 2046 maior
404 1987 498 2061 pestis
513 1984 692 2046 intermixtis
708 1983 865 2060 quadrigis
879 1983 1063 2058 elephantis·

82 2087 147 2148 que
168 2078 199 2130 et
219 2071 343 2132 cometis
364 2077 443 2144 erat,
464 2076 494 2130 et
514 2085 572 2130 sua
592 2068 728 2144 ipsorum
743 2067 847 2140 turba,
869 2083 939 2128 cum
952 2066 1062 2126 solutis

82 2153 246 2216 ordinibus
260 2155 344 2214 velut
363 2151 447 2214 caeci
465 2169 561 2230 super
575 2153 652 2214 alios
667 2152 718 2212 olii
731 2159 869 2224 ruerent,
894 2157 924 2210 et
938 2151 1064 2212 incursu

80 2239 242 2300 beluarum
260 2236 477 2300 obtererentur.
499 2235 652 2298 incastris
670 2251 795 2312 quoque
806 2236 914 2311 ingens
927 2234 1064 2295 etmaior

81 2337 184 2398 prope
204 2337 295 2398 quam
318 2321 349 2380 in
370 2321 436 2381 acie
457 2321 569 2380 caedes
587 2327 635 2380 est
649 2321 744 2380 edita:
767 2335 838 2380 nam
852 2327 883 2380 et
896 2319 1063 2395 primorum

82 2407 159 2480 iuga
172 2403 203 2465 in
219 2412 320 2468 castra
333 2403 463 2463 maxime
477 2401 641 2476 inclinavit,
657 2409 687 2462 et
700 2402 791 2463 huius
806 2402 919 2462 fiducia
932 2401 1063 2462 multitu-

83 2489 176 2562 dinIs,
192 2488 288 2564 quiin
304 2487 457 2562 praesidio
473 2492 566 2559 erant,
582 2484 768 2560 pertinacius
783 2500 840 2559 pro
852 2486 932 2544 valio
946 2499 1062 2558 pugna·

81 2578 163 2634 runt.
195 2572 303 2632 retenti
317 2571 348 2631 in
362 2570 459 2646 portis
473 2570 632 2642 valloque,
656 2581 737 2642 quae
750 2581 785 2627 se
798 2567 913 2641 impetu
926 2566 996 2641 ipso
1012 2581 1062 2626 ca-

80 2663 192 2732 pturos
212 2655 417 2726 crediderunt,
439 2653 568 2714 Romani
587 2659 752 2727 postquam
770 2649 893 2709 tandem
914 2664 1062 2726 perrupe-

80 2745 162 2814 runt,
178 2739 216 2800 ab
231 2739 278 2798 ira
288 2737 459 2813 graviorem
471 2735 631 2808 ediderunt
641 2734 776 2795 caedem.
798 2732 900 2794 XLIV.
922 2733 963 2792 ad
975 2732 1062 2808 quin·

84 2821 230 2898 quaginta
249 2821 331 2882 miiia
351 2820 486 2896 peditum
507 2835 600 2880 caesa
619 2833 656 2878 eo
677 2817 728 2877 die
749 2815 904 2891 dicuntur,
926 2817 1063 2893 equitum

80 2907 141 2968 tria
155 2905 252 2975 miiia;
280 2904 361 2964 mille
376 2911 406 2965 et
421 2903 633 2980 quadringenti
648 2902 744 2978 capti,
759 2905 789 2960 et
804 2900 978 2977 quindecim
993 2917 1063 2962 oum
1177 2911 1179 2918 '

79 2987 255 3050 rectoribus
272 2986 433 3064 elephanti.
454 2988 662 3049 Romanorum
677 2985 794 3062 aliquot
807 2985 957 3046 vulnerati
973 2992 1060 3054 sunm

81 3072 262 3134 ceciderunt
280 3088 342 3133 non
364 3072 434 3148 plus
453 3070 581 3132 trecenti
595 3069 730 3146 pedites,
754 3075 896 3145 quattuor
914 3077 944 3128 et
956 3066 1063 3142 viginti

81 3155 220 3232 equitem
242 3162 273 3216 et
286 3157 326 3218 de
338 3153 483 3218 Eumenis
498 3154 635 3214 exercitu
648 3153 785 3228 quinque
798 3159 828 3212 et
841 3152 956 3226 viginti.

165 3239 205 3300 m
224 3238 276 3301 iilo
298 3238 422 3314 quidem
442 3237 492 3298 die
511 3238 644 3300 meteres
663 3236 789 3312 direptis
804 3235 937 3298 hostiurn
952 3232 1061 3294 castris

81 3338 153 3384 cum
171 3339 283 3398 magna
302 3324 418 3399 praeda
436 3322 468 3382 in
482 3337 539 3384 sua
552 3327 759 3388 reverterunt3
782 3325 907 3394 postero
923 3316 973 3377 die
988 3333 1060 3392 spo·

81 3406 198 3474 liobam
210 3421 373 3468 caesorum
383 3421 515 3482 corpora
526 3411 557 3466 et
570 3403 708 3480 captivos
721 3400 948 3463 contrahebant.
970 3401 1060 3478 legati

81 3490 120 3550 ab
131 3491 278 3568 Thyatira
297 3497 329 3552 et
340 3489 500 3566 Magnesia
514 3489 554 3549 ad
569 3485 770 3569 Sipylmnrad
788 3484 946 3546 dedendas
966 3483 1061 3544 urbes
