2482 3900
178 222 222 288 dl
359 221 475 281 LIBER
488 219 606 280 xxxii.
630 219 767 280 ctam.
791 219 984 290 [suaset]

178 395 252 452 rent,
268 376 294 436 si
312 375 449 450 privatus
465 389 583 432 essem:
605 387 686 432 nunc
700 377 823 448 praetor
837 369 928 430 video
945 375 1071 430 autnon
1083 367 1160 432 datt-

179 463 252 522 dum
267 458 429 519 concilium
443 457 551 531 legatis
567 457 678 530 luisse,
700 461 752 515 aut
765 453 837 514 inde
852 454 919 513 sine
932 467 1088 527 responso
1104 467 1160 512 eos

180 563 242 606 non
257 542 453 602 dimittendos
469 555 550 600 esse.
583 539 773 614 respondere
788 545 904 612 autem,
925 536 985 596 nisi
1000 552 1039 596 ex
1054 541 1160 595 vestro

180 630 319 699 decreto,
342 625 394 699 qui
411 629 561 699 possuml
581 631 612 683 ot
626 622 769 698 quoniam
784 637 874 682 nemo
888 627 1038 693 vestnun,
1062 620 1160 694 quiin

180 712 239 772 hoc
254 708 414 769 concilium
429 707 570 767 advocali
584 707 673 779 estis,
695 723 752 782 pro
768 705 919 766 sententia
933 703 1099 780 quicquam
1114 702 1160 761 di-

180 809 251 855 cere
265 795 330 853 vult
344 798 395 850 aut
409 791 509 864 audet,
526 791 680 851 orationes
695 791 864 866 legatorum
878 789 1021 849 hesterno
1038 787 1089 846 die
1103 803 1161 862 pro

180 874 338 938 sententiis
361 875 459 934 dictas
473 889 727 950 percenseamus,
751 874 879 949 perinde
893 887 930 932 ac
945 889 1007 933 non
1021 872 1161 946 postula-

181 963 278 1020 verint
292 973 372 1034 quae
386 974 404 1017 e
417 973 452 1018 re
467 973 525 1018 sua
538 966 652 1030 essent,
664 959 720 1019 sed
733 957 885 1018 suaserint
897 971 976 1031 quae
988 954 1077 1015 nobis
1090 969 1160 1014 cen-

179 1051 285 1106 serent
303 1042 388 1102 utilia
402 1057 483 1102 esse.
519 1042 648 1102 Romani
661 1041 835 1116 Rhodiique
849 1046 879 1100 et
892 1041 1013 1100 Attalus
1029 1037 1159 1100 societa-

179 1137 240 1188 tem
262 1126 486 1202 amicitiamque
507 1133 643 1185 nostram
658 1131 777 1200 petunt,
799 1131 830 1186 et
843 1126 873 1184 in
888 1123 985 1198 bello,
1007 1122 1092 1198 quod
1105 1122 1160 1184 ad-

180 1227 290 1272 versus
310 1209 482 1290 Philippum
509 1219 632 1283 gerunt,
657 1225 692 1269 se
713 1225 731 1268 a
752 1207 842 1269 nobis
867 1207 1005 1268 adiuvari
1026 1222 1161 1282 aequum

181 1300 317 1356 censent.
349 1292 510 1368 Philippus
532 1294 687 1354 societatis
709 1308 815 1354 secum
836 1291 981 1352 admonet
995 1298 1026 1352 et
1039 1290 1161 1351 iurisiu-

180 1379 285 1448 randi;
308 1379 443 1438 almodo
460 1378 609 1451 postulat,
632 1385 666 1438 ut
679 1393 784 1437 secum
799 1382 924 1452 stemus,
938 1376 1047 1447 modo,
1063 1389 1101 1434 ne
1116 1374 1161 1433 in·

180 1464 322 1526 torsimus
343 1461 451 1533 armis,
478 1467 652 1520 contentum
674 1461 714 1521 ait
733 1477 769 1520 se
783 1476 865 1521 esse.
901 1460 1015 1520 nulline
1033 1457 1163 1518 venitin
1231 1511 1232 1542 ,

181 1553 327 1618 mentem,
350 1559 405 1602 cur
426 1543 478 1617 qui
499 1545 633 1606 nondum
656 1545 732 1604 socii
752 1546 928 1620 suntfplus
951 1548 1055 1618 petant
1069 1557 1162 1618 quam
1231 1569 1232 1598 l

182 1631 308 1690 socius?
329 1644 391 1687 non
405 1627 440 1686 fit
453 1626 513 1687 hoc
527 1643 628 1703 neque
641 1628 794 1688 modestia
803 1627 935 1703 Philippi
949 1641 1050 1702 neque
1064 1627 1163 1702 impu·

181 1714 284 1772 dentia
297 1712 519 1785 Romanorum,
541 1712 672 1772 Achaei:
695 1714 817 1772 fortuna
838 1719 868 1771 et
883 1713 935 1772 dat
948 1709 1092 1771 fiduciam
1107 1726 1163 1785 po·

183 1795 364 1856 stulantibus
390 1803 420 1855 et
440 1795 541 1856 demit.
575 1795 706 1872 Philippi
726 1803 847 1871 praeter
868 1798 1000 1871 legatum
1019 1793 1163 1854 videmus

185 1879 270 1940 nihil:
292 1877 432 1939 Romana
446 1879 556 1940 classis
568 1879 607 1939 ad
620 1879 791 1940 cenchreas
804 1887 872 1955 stat,
884 1880 1005 1940 urbium
1015 1875 1164 1938 Euboeae

181 1964 283 2040 spolia
297 1979 372 2038 prae
387 1979 422 2024 se
436 1961 554 2034 lerens;
578 1965 734 2024 consulem
745 1963 946 2039 legionesque
958 1963 1034 2033 eius,
1050 1961 1164 2037 exiguo

183 2047 275 2108 maris
288 2047 388 2123 spatio
401 2047 562 2122 diiunctus,
574 2047 738 2108 Phocidem
749 2046 954 2108 acLocridem
965 2045 1164 2121 pervagantis

182 2133 336 2192 videmus:
370 2131 532 2204 miramini,
559 2147 614 2191 cur
639 2131 811 2191 diffidenter
832 2131 1018 2192 Cleomedon
1043 2129 1164 2204 legatus
1230 2197 1231 2204 ,

181 2214 322 2291 Philippi,
337 2225 371 2276 ut
384 2231 440 2289 pro
455 2231 529 2290 rege
543 2231 627 2275 arma
639 2230 819 2290 caperemus
832 2215 984 2276 adversus
994 2214 1164 2286 Romanos,
1230 2271 1231 2274 ,

181 2299 275 2359 modo
297 2299 413 2374 egerite
445 2299 512 2374 qui,
535 2300 561 2359 si
576 2314 616 2358 ex
631 2298 741 2358 eodem
761 2299 887 2359 loedere
905 2314 942 2358 ac
955 2297 1164 2370 iureiurando,

182 2383 270 2443 cuius
291 2381 380 2442 nobis
400 2382 578 2456 religionem
599 2381 754 2456 iniciebat,
775 2397 919 2457 rogemus
941 2397 1026 2455 eum,
1049 2387 1083 2442 ut
1106 2396 1164 2440 nos

181 2465 340 2542 Philippus
361 2474 391 2525 et
411 2466 449 2526 ab
464 2466 581 2535 Nabide
597 2482 634 2526 aa
647 2465 901 2534 Lacedaemoniis
916 2472 946 2525 et
960 2465 998 2525 ab
1014 2464 1163 2525 Romanis

182 2552 341 2624 defendat,
363 2567 424 2610 non
440 2551 531 2611 mado
547 2549 736 2624 praesidium
752 2565 813 2624 quo
828 2557 948 2610 tueatur
962 2565 1035 2620 nos,
1053 2548 1164 2608 sedne

182 2635 257 2711 quid
277 2635 466 2710 respondeat
486 2633 609 2709 quidem
629 2632 720 2694 nobis
740 2633 780 2694 sit
799 2635 994 2707 inventurus,
1014 2648 1077 2692 non
1096 2631 1164 2691 her·

182 2720 251 2778 aule
271 2719 368 2792 magis
391 2734 481 2792 quam
502 2718 571 2792 ipse
584 2716 743 2793 Philippus
764 2719 867 2794 priore
888 2733 983 2790 anno,
1007 2716 1060 2792 qui
1076 2715 1165 2790 polli-

182 2801 281 2860 cendo
303 2815 339 2860 se
361 2801 510 2861 adversus
530 2801 678 2860 Nabidem
698 2802 811 2862 bellum
831 2807 987 2877 gesturum
1005 2816 1074 2860 eum
1090 2805 1165 2859 tem·
1229 2843 1230 2884 ἒ

182 2891 302 2959 plasset
321 2892 457 2945 nostram
479 2883 664 2944 iuventutem
684 2884 755 2944 hinc
775 2885 806 2944 in
819 2885 976 2945 Euboeam
991 2882 1164 2953 extrahere,
1229 2893 1230 2922 t

183 2974 347 3042 postquam
368 2983 427 3028 nos
442 2981 543 3042 neque
557 2968 724 3028 decernere
739 2969 770 3028 id
786 2969 844 3029 sibi
859 2968 1047 3044 praesidium
1062 2980 1166 3042 neque

67 3107 70 3117 ,
182 3052 261 3110 velle
281 3051 389 3124 illigari
409 3051 548 3112 Romano
569 3051 651 3112 bello
671 3052 760 3125 vidit,
783 3053 895 3113 oblitus
918 3051 1075 3113 societatis
1099 3051 1165 3110 eius

181 3151 273 3210 quarn
289 3150 370 3194 nunc
384 3134 483 3210 iactat,
504 3136 672 3197 vastandos
689 3137 990 3212 depopulandosque
1003 3134 1116 3196 Nabidi
1131 3149 1167 3193 ac

182 3217 433 3280 Lacedaemoniis
454 3219 583 3296 reliquit.
618 3235 654 3280 ac
675 3219 746 3280 mihi
767 3220 891 3294 quidem
911 3220 1036 3280 minime
1052 3233 1166 3279 eonve-

182 3303 270 3363 niens
299 3302 377 3364 inter
401 3319 437 3363 se
463 3304 558 3364 oratio
585 3303 810 3364 Cleomedontis
837 3303 906 3364 visa
933 3310 990 3364 est.
1024 3301 1168 3364 elevabat

183 3388 354 3446 Romanum
377 3387 505 3459 bellum,
535 3393 739 3462 eventumque
765 3388 831 3448 eius
860 3387 993 3448 eundem
1018 3388 1087 3448 lore
1115 3385 1166 3461 qui
1228 3449 1229 3456 ,

184 3467 294 3542 prioris
310 3470 395 3544 belli,
419 3471 503 3544 quod
519 3486 587 3530 cum
601 3469 740 3545 Philippo
755 3471 921 3547 gesserint,
943 3470 1075 3531 dicebat.
1111 3484 1167 3530 cur
1228 3481 1229 3546 t
