2482 3902
214 149 275 218 118
303 149 419 210 LIBER
429 147 560 209 xxxiii.
577 145 763 208 cantata
779 147 815 224 [a.
826 151 860 204 U.
869 169 893 204 c.
902 155 963 210 556.
976 168 1002 205 a.
1010 152 1043 205 C.
1052 153 1114 226 196]

213 317 291 378 gens
306 299 447 377 pervenit
457 299 488 359 in
498 297 639 378 Lyciam3
654 297 834 374 Patarisque
846 297 970 374 cognito
984 299 1092 362 vivere
1100 300 1189 364 Ptole

213 383 514 460 maeum,navigandi
522 382 868 461 quideminAegpptum
876 382 1025 444 omissum
1035 385 1189 446 consilium

213 477 275 532 ests
292 469 427 547 Cyprum
439 467 532 527 nihilo
543 466 644 528 minus
655 473 774 543 petens,
788 481 857 526 cum
867 466 1115 530 Chelidoniarum
1125 485 1187 545 pro

212 553 396 615 manturium
416 558 609 626 superasset,
632 551 791 626 paulisper
811 551 962 612 seditione
981 553 1132 627 remigum
1149 563 1188 614 est

212 644 349 698 retentus
364 637 395 696 in
408 633 588 716 Pamphylia
602 635 686 696 circa
695 633 957 713 Eurymedontem
971 651 1102 696 amnem.
1124 637 1187 698 inde

213 723 385 798 proiectum
399 735 469 780 eum
483 719 524 780 ad
537 719 639 794 capita
654 734 734 794 quac
747 725 861 780 vocant
871 717 940 782 Sari
954 719 1091 781 fluminis
1105 721 1187 782 laeda

212 811 381 881 tempestas
393 804 501 864 adorta
512 816 611 878 prope
623 818 691 864 oum
704 801 786 864 omni
798 803 900 864 classe
913 802 1070 865 demersit
1085 806 1186 865 multae

212 891 343 964 fractae,
364 889 477 948 multae
497 889 613 948 eiectae
633 902 743 962 naves,
766 887 879 949 multae
898 887 941 947 ita
960 886 1093 949 haustae
1110 890 1185 960 mari,

211 983 246 1034 ut
260 988 349 1034 nemo
363 971 520 1033 interram
534 971 639 1032 enarit.
662 986 773 1045 magna
786 971 833 1032 vis
848 970 1005 1032 bominum
1019 971 1063 1032 ibi
1076 971 1185 1045 interiit,

213 1074 275 1120 non
290 1057 437 1132 remigum
452 1056 544 1117 modo
559 1055 748 1130 militumque
761 1056 884 1130 ignotae
898 1055 1015 1127 turbae,
1032 1056 1185 1117 sedetiam

211 1141 374 1217 insignium
398 1141 481 1216 regis
502 1138 678 1201 amicorum.
713 1139 850 1200 collectis
873 1131 1013 1215 reliquiis
1035 1140 1186 1214 naufragii

214 1242 283 1287 cum
304 1241 357 1286 res
378 1241 440 1286 non
455 1224 487 1284 in
507 1239 544 1284 eo
559 1229 677 1297 essent,
698 1229 732 1283 ut
746 1222 882 1302 cyprum
894 1229 1074 1298 temptaret,
1094 1224 1186 1283 mimis

214 1312 361 1386 opulento
382 1309 503 1385 agmine
523 1325 615 1383 quam
636 1309 794 1382 proiectus
816 1313 881 1368 erat
901 1305 1075 1367 Seleuciam
1095 1308 1185 1367 rediit.

211 1392 254 1454 ibi
265 1393 396 1454 subduci
406 1391 536 1452 navibus
548 1391 764 1452 iussis-iam
772 1390 852 1452 enim
864 1397 894 1450 et
904 1389 1003 1452 hiems
1015 1391 1187 1452 instabat—

211 1475 281 1553 ipse
295 1477 325 1536 in
339 1476 468 1536 hiberna
476 1475 671 1537 Antiochiam
685 1476 849 1537 concessit.
872 1475 903 1535 in
918 1475 978 1536 hoo
993 1481 1077 1537 statu
1088 1489 1187 1550 regum

212 1569 298 1621 crant
311 1574 373 1620 res.

297 1643 386 1702 XLll.
418 1644 535 1703 Romae
556 1657 593 1702 eo
614 1643 745 1717 primum
769 1659 850 1704 anno
871 1642 1019 1706 triumviri
1044 1645 1187 1719 epulones

213 1727 284 1787 lacti
305 1727 335 1788 C.
351 1725 485 1788 Licinius
502 1725 648 1787 Lucullus
668 1727 808 1789 tribunus
830 1727 946 1802 plebis,
968 1727 1022 1804 qui
1041 1728 1141 1802 legem
1155 1727 1188 1786 de

213 1809 355 1871 creandis
376 1808 424 1870 his
446 1809 570 1884 tulerat,
592 1817 623 1871 et
642 1807 674 1870 P.
689 1809 821 1872 Manlius
843 1815 873 1870 et
892 1809 925 1870 P.
939 1810 1067 1872 Porcius
1084 1809 1188 1870 Lacca.

212 1893 250 1956 iis
272 1893 452 1968 triumviris,
474 1895 545 1954 item
560 1902 593 1956 ut
607 1892 819 1970 pontificibus,
841 1895 909 1968 lege
923 1895 1027 1956 datum
1043 1901 1092 1956 est
1107 1903 1188 1968 togae

213 1987 392 2056 praetextae
416 1978 578 2039 habendae
601 1979 659 2040 ius.
695 1977 753 2038 sed
778 1992 922 2054 magnum
946 1987 1102 2040 certamen
1127 1995 1187 2038 cum

213 2065 355 2125 omnibus
377 2063 590 2124 sacerdotibus
609 2077 646 2124 eo
662 2079 742 2124 anno
759 2060 815 2123 luit
830 2063 1044 2138 quaestoribus
1057 2062 1189 2133 urbanis,

213 2147 251 2221 9.
261 2146 357 2208 Fabio
371 2146 508 2208 Labeoni
523 2153 554 2208 et
566 2145 599 2205 L.
613 2145 749 2208 Aurelio.
779 2147 912 2222 pecunia
926 2162 1006 2222 opus
1021 2151 1096 2220 erat,
1112 2146 1191 2220 quod

212 2231 345 2291 ultimam
368 2231 550 2307 pensionem
570 2231 720 2306 pecuniae
740 2231 771 2290 in
786 2229 899 2292 bellum
915 2231 1044 2293 collatae
1058 2229 1190 2304 persolvi

212 2315 371 2394 placuerat
386 2314 521 2391 privatis.
552 2321 734 2390 quaestores
748 2315 787 2376 ab
803 2315 970 2390 augtuibus
983 2313 1189 2390 pontificibus-

213 2415 274 2477 que
296 2400 381 2476 quod
400 2399 586 2474 stipendium
606 2415 663 2475 per
682 2400 796 2460 bellurn
816 2415 878 2459 non
893 2399 1099 2461 eontuhssent
1112 2406 1191 2474 pete—

212 2484 295 2546 bant.
317 2485 356 2546 ab
372 2483 585 2546 sacerdotibus
600 2483 712 2546 tribuni
726 2483 826 2560 plebis
838 2483 1025 2560 nequiquam
1038 2481 1190 2560 appellati,

213 2570 409 2646 omniumque
433 2583 582 2631 annorum
607 2583 664 2643 per
689 2585 768 2644 quos
793 2584 855 2629 non
880 2567 1029 2628 dederant
1053 2575 1192 2627 exactum

212 2661 269 2714 est.
289 2654 398 2716 eodem
414 2669 495 2714 anno
510 2653 573 2720 duo
588 2652 699 2715 mortui
710 2651 884 2728 pontifices,
900 2649 1036 2727 novique
1046 2650 1079 2710 in
1090 2666 1192 2712 eorum

213 2739 316 2796 locum
331 2735 461 2811 suffecti,
473 2737 514 2796 M
525 2736 689 2798 Marcellus
703 2736 811 2798 consul
823 2735 854 2795 in
866 2736 967 2796 locum
979 2735 1010 2796 c.
1022 2730 1192 2810 Sempronii

212 2818 369 2893 Tuditani,
386 2821 438 2894 qui
452 2826 577 2896 praetor
590 2818 621 2880 in
635 2820 785 2896 Hispania
798 2821 991 2895 decesserat,
1007 2827 1038 2880 et
1053 2819 1088 2878 L.
1103 2819 1191 2879 Vale-

211 2903 276 2962 rius
296 2901 426 2964 Flaccus
444 2903 474 2963 in
494 2904 595 2965 locum
616 2903 657 2964 M.
674 2902 804 2966 cornelii
821 2903 954 2978 Cethegi.
987 2909 1017 2964 et
1032 2902 1066 2978 9.
1082 2901 1191 2964 Fabius

211 2985 364 3048 Maximus
380 3002 477 3063 augur
491 2996 628 3050 mortuus
644 2996 693 3050 est
706 2988 873 3049 admodum
882 2988 1078 3062 adolescens,
1095 2985 1192 3064 prius·

213 3087 305 3148 quam
325 3071 420 3132 ullum
441 3072 651 3147 magistratum
667 3079 806 3149 caperem
829 3087 887 3132 nec
902 3087 939 3132 eo
956 3087 1036 3132 anno
1052 3087 1152 3147 augur
1165 3071 1193 3129 in

212 3155 278 3216 eius
292 3156 395 3217 locum
409 3163 457 3216 est
471 3155 629 3218 suffectus.

297 3237 424 3300 Comitia
447 3238 519 3300 inde
541 3240 717 3300 consularia
738 3240 842 3301 habita
861 3255 880 3300 a
899 3239 940 3300 Μ.
954 3237 1102 3300 Marcello
1125 3254 1194 3299 eou-

213 3323 290 3384 sulc.
324 3325 416 3384 creati
437 3325 582 3385 consules
602 3323 635 3381 L.
651 3325 793 3384 Valerius
813 3323 941 3384 Flaccus
963 3329 993 3382 et
1012 3321 1053 3382 M.
1068 3321 1193 3382 Porcius

213 3412 297 3466 bato.
318 3413 478 3482 praetores
490 3405 562 3466 inde
574 3407 645 3467 lacti
655 3407 708 3495 Cn.
720 3407 851 3467 Manlius
862 3409 961 3469 Vulso
974 3409 1034 3482 Ap.
1050 3404 1192 3466 Claudius
