2480 3904
186 185 250 251 all
343 187 457 246 LIBER
467 185 586 246 XXXV.
610 185 691 245 CAP.
703 193 747 246 44.
759 194 793 247 45
819 186 856 262 [a.
868 191 905 248 U.
917 208 941 244 c.
953 190 1009 266 56⁰]

187 339 246 400 bus
266 338 333 398 aliis
354 337 466 398 laetitia
481 336 581 396 effusa
594 335 783 410 significatur
798 336 890 410 vulgi.
921 333 1027 402 xilv.
1050 337 1081 396 in
1096 353 1163 398 cou-

187 423 289 484 ciliuur
304 428 337 482 ut
350 428 472 480 ventum
488 425 549 491 est,
572 435 664 494 aegre
678 435 697 478 a
711 419 852 479 Phaenea
867 418 1009 495 praetore
1025 421 1161 496 principi·

186 506 309 580 busque
324 505 390 564 aliis
402 504 621 578 [introductus,
637 504 719 575 inde]
732 505 812 564 lacto
826 503 948 564 silentio
961 505 1067 564 dicere
1078 520 1162 564 orsus

186 605 252 648 rex.
275 589 372 664 prima
386 589 453 648 eius
469 588 565 648 oratio
582 587 637 647 luit
650 589 843 660 excusantis,
866 589 951 662 quod
972 595 1058 649 tanto
1075 589 1163 650 miro·

186 673 271 732 ribus
288 687 345 748 spe
360 679 453 746 atque
465 671 610 746 opinione
621 671 756 732 omniurn
768 671 868 746 copiis
881 672 1027 733 venisset.
1052 672 1085 732 id
1095 688 1164 732 auae

186 757 344 831 impensae
358 769 432 829 erga
447 770 502 816 eos
519 754 682 816 voluntatis
703 755 868 816 maximum
889 755 1005 816 debere
1025 755 1162 816 indicium

187 854 273 912 esse,
296 839 380 914 quod
395 854 453 898 nec
470 847 595 914 paratus
612 838 687 898 satis
703 839 765 898 ulla
779 854 814 899 re
829 847 860 899 et
873 845 1014 914 tempore
1029 841 1072 900 ad
1087 841 1163 900 navi·

185 924 319 996 gaudum
335 923 494 984 immaturo
508 921 690 982 vocantibus
706 923 813 996 legatis
826 937 932 982 eorum
945 923 1031 984 haud
1042 931 1164 998 gravate

185 1006 352 1068 obsecutus
368 1013 467 1080 esset,
485 1007 744 1081 credidissemus,
760 1023 830 1066 cum
844 1022 880 1066 se
893 1007 1048 1068 vidissent
1062 1011 1181 1081 Aetolis

185 1091 287 1150 omnia
301 1091 351 1150 vel
364 1091 396 1150 in
411 1105 447 1150 se
460 1105 523 1151 uno
544 1091 647 1164 posita
668 1089 823 1165 praesidia
839 1091 1075 1152 existimaturos
1088 1107 1164 1152 esse.

186 1181 319 1235 ceterum
336 1189 441 1235 eorum
457 1190 582 1250 quoque
597 1190 646 1248 se,
669 1189 799 1248 quorum
814 1175 1008 1250 exspectatio
1026 1176 1165 1236 destituta

184 1258 214 1316 in
238 1259 413 1333 praesentia
433 1259 588 1331 videatur,
610 1273 698 1333 spem
719 1257 841 1318 abunde
862 1259 1069 1334 expleturum.
1102 1275 1165 1320 nam

185 1342 275 1401 simul
289 1341 420 1417 primum
435 1341 506 1401 anni
527 1348 648 1420 tempus
668 1341 840 1416 navigabile
862 1341 1063 1416 praebuisset
1077 1359 1163 1414 mare,

185 1439 305 1484 omnem
320 1441 355 1485 se
372 1424 529 1484 Graeciam
543 1425 636 1484 armis
650 1425 725 1486 viris
740 1426 845 1501 equis,
867 1441 988 1486 omnem
1004 1441 1095 1488 oram
1108 1443 1165 1486 ma·

183 1507 314 1568 ritimam
329 1507 482 1568 classibus
497 1507 735 1583 completurum,
751 1524 809 1569 nec
819 1509 980 1584 impensae
996 1526 1058 1570 nec
1073 1510 1163 1570 labori

184 1606 241 1649 nec
256 1591 393 1665 periculo
409 1606 586 1664 parsurum,
606 1591 705 1652 donec
720 1593 851 1668 depulso
868 1593 1048 1654 cervicibus
1064 1610 1164 1655 eorum

183 1673 311 1748 imperio
325 1673 464 1734 Romano
479 1674 605 1734 liberam
620 1690 693 1734 vere
705 1675 864 1736 Graeciam
877 1684 970 1753 atque
985 1677 1016 1736 in
1031 1693 1074 1737 ea
1088 1679 1164 1754 prin·

184 1755 270 1830 cipes
284 1758 413 1818 Aetolos
429 1759 562 1818 lecisset.
585 1773 653 1820 cum
674 1759 859 1820 exercitibus
881 1767 1076 1823 commeatus
1094 1780 1164 1837 quo-

184 1855 244 1914 que
260 1841 359 1901 omnis
375 1841 496 1916 generis
512 1857 551 1902 ex
566 1843 642 1902 Asia
656 1851 812 1904 venturos.
834 1845 864 1903 in
881 1847 1163 1920 praesentiacurae

182 1937 254 1983 esse
268 1925 530 1998 Aetolis-debere,
547 1933 580 1986 ut
594 1927 684 2002 copia
698 1927 839 1988 frumenti
855 1928 921 1988 suis
936 1935 968 1988 et
981 1944 1110 1991 annona
1123 1935 1163 1990 to·

181 2007 316 2068 tenebitis
331 2025 432 2070 rerum
447 2011 575 2070 aliarum
590 2010 812 2086 suppeditetur.
837 2013 928 2072 XLV.
951 2013 982 2072 iu
998 2012 1083 2074 hanc
1099 2029 1162 2074 sen·

180 2092 305 2151 tentiam
315 2109 372 2152 rex
383 2109 450 2155 cum
461 2108 571 2168 magno
585 2095 717 2154 omniurn
730 2096 867 2156 adsensu
878 2097 1163 2158 locutusdisccssit.

180 2181 253 2247 post
275 2176 448 2236 discessum
472 2177 554 2252 regis
580 2177 659 2238 inter
683 2179 763 2239 duos
792 2180 949 2256 principes
974 2183 1162 2254 Aetolorum,

179 2254 352 2317 Phaeneam
366 2266 397 2319 et
409 2259 591 2336 Thoantem,
613 2263 767 2323 contentio
789 2263 852 2324 mir.
880 2263 1041 2325 Phaeneas
1056 2281 1161 2327 recon-

181 2338 316 2401 ciliatore
330 2343 416 2417 pacis
432 2350 462 2403 et
477 2343 683 2420 disceptatore
698 2347 737 2406 dc
754 2347 791 2406 iis
809 2348 934 2423 quaein
950 2349 1163 2412 controversia

180 2437 249 2483 curn
270 2426 387 2501 populo
407 2427 546 2488 Rom-ano
566 2436 684 2502 essent,
710 2431 854 2491 utendum
882 2431 986 2508 potius
1008 2433 1161 2498 Antiocho

179 2509 326 2570 censebat
341 2527 431 2586 quam
448 2512 527 2572 dure
541 2511 622 2573 belli.
650 2514 814 2575 adventum
831 2515 898 2576 cius
920 2522 950 2576 et
971 2518 1162 2579 maiestatem

178 2591 218 2650 ad
241 2594 456 2655 verecundiam
478 2596 648 2658 faciendam
663 2598 809 2660 Romanis
830 2599 890 2658 rim
911 2601 1062 2662 maiorem
1079 2600 1161 2662 habi-

177 2681 276 2735 turam
291 2694 382 2752 quam
397 2694 490 2740 arma.
513 2681 607 2742 multa
620 2680 775 2757 homines,
792 2697 830 2742 ne
840 2682 957 2744 bellare
968 2699 1103 2747 necesse
1115 2685 1159 2757 sit

180 2759 333 2819 voluntate
348 2761 514 2837 remittere,
531 2779 611 2838 quae
625 2765 705 2825 bella
721 2772 752 2825 et
765 2765 857 2826 armis
872 2768 944 2842 cogi
955 2785 1018 2830 non
1029 2771 1160 2846 possint

178 2835 409 2930 Thoasxnegare
424 2847 494 2920 paci
509 2847 634 2908 studere
647 2848 834 2924 Phaeneam,
857 2851 914 2910 sed
935 2851 1095 2914 discutere
1109 2869 1160 2928 ap

176 2928 317 3000 umatum
329 2927 399 2987 belli
410 2930 498 3006 velle,
509 2939 542 2991 ut
553 2931 654 2992 taedio
666 2939 695 2992 et
706 2933 837 3008 impetus
849 2935 1068 3009 relanguescat
1080 2936 1160 3011 regis

131 3045 139 3052 -v
150 3024 155 3029 ·
167 3009 207 3065 ‘et
220 3005 349 3070 Romani
363 3017 485 3089 tempus
501 3014 540 3074 ad
554 3016 794 3092 comparandum
808 3017 949 3079 habeant.
984 3020 1058 3081 nihil
1081 3022 1157 3080 enim

176 3089 268 3166 aequi
288 3093 327 3154 ab
347 3093 492 3158 Romanis
514 3099 666 3174 impetrari
687 3115 798 3175 posse,
819 3101 931 3162 totiens
952 3103 1157 3178 legationibus

175 3173 279 3270 missis
305 3177 447 3255 Romam,
473 3183 585 3244 totiens
606 3198 675 3244 curn
695 3185 764 3260 lpso
786 3185 926 3260 Quinctio
953 3187 1157 3265 disceptando

176 3265 250 3318 sans
266 3270 426 3336 expertum
442 3281 530 3337 esse;
553 3281 611 3327 nec
625 3267 684 3328 nisi
699 3267 823 3329 abscisa
837 3271 920 3330 omni
936 3285 994 3344 spe
1010 3271 1156 3331 auxilium

174 3341 317 3405 Antiochi
338 3347 553 3424 imploraturos
568 3350 675 3412 luisse.
707 3367 768 3426 quo
791 3353 920 3413 celerius
942 3368 1002 3428 spe
1022 3354 1155 3415 omnium

174 3421 277 3485 ablato
299 3445 360 3490 non
382 3449 454 3494 esse
475 3436 770 3510 elanguescendum,
798 3437 855 3496 sed
876 3435 1029 3496 orandum
1055 3437 1155 3514 potius
