2506 3898
301 213 589 276 nrnunxxxvrrr.
614 212 696 273 aar.
709 221 751 276 16.
774 213 809 290 p.
823 217 853 268 c.
868 213 928 289 rao]
1041 211 1102 275 aaa

110 366 232 428 sedem
248 366 338 442 cepit.
361 381 491 441 procera
505 381 650 441 corpora,
670 364 841 440 promissae
856 369 887 424 et
899 364 1037 426 rutilatae
1052 381 1103 427 co·

110 465 202 524 mae,
218 458 308 511 vasta
321 457 424 524 scuta,
445 450 603 526 praelongi
617 449 725 526 gladii;
748 449 788 509 ad
802 448 862 510 hoo
877 455 984 510 cantus
999 449 1103 510 incho-

109 534 240 595 antium
260 534 411 610 proelium
431 542 461 595 et
480 535 614 595 ululatus
635 539 665 594 et
683 533 832 608 tripudia,
857 540 888 595 et
909 533 1103 609 quatientium

109 625 214 680 scuta
233 618 264 677 in
285 617 414 694 patrium
432 619 592 694 ‚quendam
614 618 738 679 modurn
758 617 931 679 horrendus
952 635 1104 680 armorum

108 701 270 776 crepitus,
288 703 390 762 omnia
404 703 443 764 dc
456 701 606 763 industria
620 702 791 778 composita
805 701 846 762 ad
860 709 1017 764 terrorem.
1046 705 1104 764 sed

111 785 215 857 haec,
234 785 344 860 quibus
360 787 482 848 insolita
499 793 592 862 atque
606 783 727 848 insueta
740 791 825 860 sunt,
842 781 949 847 Graeci
964 794 994 848 et
1006 787 1104 865 Phry·

91 883 174 947 fles
191 877 225 930 et
239 869 331 932 Cares
351 870 490 932 timeant:
511 869 659 932 Romanis
675 870 779 930 Gallici
800 870 945 932 tumultus
967 871 1121 945 adsuetis,

107 953 211 1015 etiam
236 953 386 1014 vanitates
405 962 497 1015 notae
522 961 601 1014 sunt.
637 953 732 1014 semel
751 953 849 1030 primo
871 957 1103 1030 congressum

110 1033 222 1098 Aliam
244 1051 299 1098 eos
322 1037 395 1098 olim
414 1035 557 1113 sugerunt
573 1035 707 1098 maiores
724 1037 834 1098 nostri:
858 1054 895 1098 ex
911 1054 949 1100 eo
965 1045 1103 1114 ternpore

111 1135 173 1196 per
189 1121 343 1182 ducentos
357 1121 416 1182 iam
431 1137 530 1182 annos
545 1137 691 1198 pecorum
707 1119 737 1181 in
752 1120 877 1182 modum
889 1127 1102 1184 consternatos

107 1205 255 1266 caedunt
273 1207 458 1281 fugantque,
487 1212 517 1265 et
538 1207 643 1282 plures
665 1221 763 1281 prope
783 1205 823 1264 de
844 1204 938 1265 Gallis
960 1205 1102 1281 triumphi

111 1302 212 1364 quarn
229 1289 269 1348 de
286 1297 350 1350 toto
365 1290 440 1350 orbe
453 1297 603 1351 terrarum
614 1289 674 1349 acti
685 1295 765 1350 sunt.
788 1288 847 1348 iarn
858 1305 917 1350 usu
927 1289 987 1350 hoo
998 1290 1102 1363 cogni-

107 1380 179 1432 tmn
202 1378 266 1434 est:
287 1375 314 1433 si
335 1373 464 1449 primum
489 1375 648 1450 impeturn,
676 1389 766 1450 quem
783 1373 910 1437 vlervido
930 1371 1051 1450 ingenio
1074 1382 1103 1433 et

108 1471 214 1516 caeca
228 1455 275 1517 ira
289 1457 458 1532 effundunt,
475 1457 672 1531 sustinueris,
694 1457 793 1518 fluunt
806 1457 922 1518 sudore
937 1464 967 1518 et
980 1457 1102 1517 lassitu-

110 1539 190 1600 dine
212 1541 362 1614 membra‚
384 1541 487 1603 labant
500 1557 600 1610 arma;
620 1541 724 1603 mollia
738 1556 885 1616 corpora,
905 1543 1029 1615 molles,
1050 1540 1101 1604 ubi

107 1623 161 1683 ira
175 1625 329 1698 consedit,
344 1624 464 1686 animos
480 1626 528 1688 sol
542 1626 644 1702 pulvis
660 1625 736 1698 sitis,
751 1633 785 1686 ut
798 1625 911 1686 terrum
922 1639 983 1685 uon
995 1625 1100 1684 admo-

109 1721 204 1781 veas,
219 1715 427 1782 prosternunt.
461 1725 523 1770 non
537 1709 709 1784 legionibus
727 1709 865 1784 legiones
880 1724 986 1770 eorum
1001 1710 1101 1770 solum

106 1791 241 1864 experti
262 1807 385 1866 sumus,
407 1792 465 1852 sed
478 1792 526 1850 vir
543 1809 623 1852 unus
639 1808 706 1851 curn
721 1793 786 1852 viro
803 1791 1046 1866 congrediendo,
1066 1792 1099 1851 T.

109 1871 268 1946 Manlius,
289 1874 330 1934 Μ.
344 1874 497 1948 Valerius,
514 1882 658 1949 quantum
675 1874 820 1934 Gallicam
833 1876 949 1934 rabiem
964 1876 1101 1936 vinceret

110 1957 259 2018 Romana
274 1959 380 2029 virtue,
397 1959 576 2018 docuerunt.
612 1958 670 2018 ianr
684 1957 724 2020 M.
739 1955 871 2017 Manlius
887 1973 965 2017 unus
980 1959 1100 2033 agmine

107 2041 297 2103 scandentis
312 2041 341 2102 in
355 2041 535 2116 capitolium
546 2042 675 2103 detrusit
687 2041 801 2102 Gallos.
821 2048 852 2102 et
863 2041 921 2101 illis
933 2039 1099 2102 maioribus

110 2124 231 2187 nostris
254 2141 322 2186 curn
343 2125 427 2188 haud
446 2124 549 2186 dubiis
571 2125 665 2186 Gallis
685 2125 714 2185 111
737 2141 794 2186 sua
815 2132 896 2186 terra
916 2123 1027 2200 genitis
1048 2139 1104 2194 rea

106 2215 201 2278 erata
220 2208 252 2268 lri
271 2209 331 2268 iarn
353 2210 524 2286 degeneres
539 2218 625 2282 sunt,
647 2209 747 2283 mixti,
769 2215 799 2270 et
814 2209 1002 2283 Gallograeci
1016 2223 1099 2289 vere,

111 2293 200 2368 quod
225 2293 438 2368 appellantur:
468 2295 549 2354 sicut
569 2294 599 2352 in
621 2294 760 2369 frugibus
781 2293 1017 2368 pecudibusque
1036 2307 1098 2352 non

110 2383 230 2436 tanturn
252 2377 369 2437 semina
389 2377 429 2436 ad
451 2377 635 2436 servandam
655 2377 788 2436 indolem
808 2377 924 2449 valent,
953 2385 1098 2452 quantum

110 2468 215 2520 terrae
237 2459 411 2536 proprietas
427 2460 582 2535 caelique,
606 2460 664 2520 sub
682 2475 745 2534 quo
760 2459 890 2528 aluntur,
905 2465 1007 2518 mutat.
1034 2459 1098 2518 lila-

109 2545 252 2606 cedones
267 2544 329 2619 ,qul
342 2543 561 2604 Alexandriam
580 2543 611 2602 in
626 2544 786 2620 Aegypto,
810 2540 863 2616 qui
878 2539 1047 2601 Seleuciam
1062 2557 1098 2602 ac

110 2626 331 2706 Babyloniam,
358 2627 473 2704 quique
496 2625 572 2686 alias
599 2641 727 2702 sparsas
748 2641 805 2700 per
825 2624 929 2685 orbem
950 2630 1098 2684 terrarum

112 2711 403 2784 coloniashabent,
425 2711 454 2770 in
473 2709 571 2788 Syros
591 2709 721 2770 Parthos
735 2709 909 2786 Aegyptios
930 2707 1097 2782 degenera-

110 2797 201 2856 runt'
225 2793 362 2856 Massilia
382 2795 459 2856 inter
474 2794 578 2856 Gallos
600 2795 659 2855 sita
679 2793 770 2854 traxit
790 2792 976 2868 aliquantum
992 2791 1031 2852 ab
1047 2805 1097 2851 ac·

110 2879 190 2940 colis
206 2879 386 2940 animorum.
418 2877 589 2940 Tarentinis
604 2877 679 2954 quid
693 2894 734 2939 ex
748 2876 899 2954 Spartana
913 2875 991 2936 dura
1005 2875 1056 2936 illa
1067 2882 1098 2936 et

111 2961 239 3024 horrida
263 2963 426 3039 disciplina
450 2965 582 3024 mansit?
613 2963 794 3038 generosius
814 2963 845 3022 in
867 2977 924 3023 sua
945 2959 1096 3036 quidquid

111 3047 189 3108 sede
204 3047 352 3122 gignitum
375 3047 499 3108 insitum
512 3049 630 3115 alienae
643 3053 743 3108 terrae
757 3045 788 3107 in
802 3046 835 3107 id
850 3062 912 3122 quo
929 3045 1027 3118 alitur,
1042 3059 1095 3102 na·

111 3137 179 3191 tura
196 3137 335 3192 vertente
349 3147 399 3204 se,
422 3132 597 3206 degenerat.
623 3129 762 3209 Phrygas
778 3130 869 3204 igitur
883 3127 1007 3188 Gallicis
1022 3140 1093 3186 one-

113 3219 196 3276 ratos
212 3214 314 3288 armis,
329 3217 409 3276 sicut
422 3215 452 3274 in
467 3215 534 3275 acie
547 3213 690 3275 Antiochi
705 3213 870 3285 cecidistis,
885 3211 985 3271 victos
998 3209 1093 3270 viclo·

114 3311 164 3358 res
187 3295 332 3359 caedelis.
370 3297 467 3373 magis
482 3313 594 3360 vereor
608 3313 648 3357 nc
661 3313 769 3372 parurn
787 3296 858 3356 inde
872 3294 987 3368 gloriae
1003 3309 1094 3369 quarn

113 3395 152 3439 ue
172 3379 297 3442 nimium
318 3381 389 3442 belli
404 3382 452 3444 sit.
485 3383 606 3443 Attalus
621 3397 676 3442 eos
691 3395 747 3440 rex
762 3393 857 3454 saepe
873 3378 950 3438 ludit
964 3377 1093 3454 fugavit-

113 3480 183 3536 que.
213 3465 305 3526 nolite
324 3465 499 3526 existimare
520 3466 627 3526 beluas
647 3473 762 3526 tantum
775 3478 884 3524 recens
900 3468 1006 3538 captas
1021 3461 1094 3522 lert
