2482 3900
227 243 343 304 Linon
356 242 462 304 xxxi.
483 242 567 304 can.
583 252 625 306 n.
641 253 684 307 15.
706 252 742 320 [a.
759 252 791 304 c.
804 252 867 318 noo]
996 247 1036 308 ra

54 395 294 470 haudquaquam
315 391 409 469 digna
434 409 544 468 causa,
568 396 641 457 dum
656 411 694 457 ex
710 404 814 458 vetere
830 397 951 458 lortuna
964 394 1037 456 nihil

54 483 176 554 praeter
189 477 311 539 animos
325 485 459 538 servant
491 479 671 540 Acarnanes
686 480 747 540 duo
767 479 897 542 iuvenes
912 497 968 558 per
982 479 1033 541 ini-

53 562 164 624 tiormn
179 560 248 623 dies
262 577 325 623 non
340 559 448 624 initiati
462 564 608 638 templum
621 563 749 636 Cereris,
766 564 975 640 imprudentes
990 581 1037 626 re-

53 645 186 722 ligionis,
202 661 272 706 curn
287 653 390 708 cetera
403 647 492 707 turha
507 646 640 723 ingressi
656 656 735 708 sunt.
758 648 848 710 facile
863 665 919 710 eos
935 665 1037 710 sermo

53 728 197 806 prodidit
214 730 349 791 absurde
365 731 517 803 quaedam
532 731 777 807 percunctantis;
793 731 980 808 deductique
997 733 1036 793 ad

53 813 205 876 antistites
218 813 333 888 templi,
348 829 417 874 curn
431 815 531 890 palam
547 823 632 877 esset
645 831 701 892 per
713 815 851 877 “errorem
865 814 1035 892 ingressos,

54 908 209 974 tamquam
224 897 265 958 ob
277 895 436 958 infandum
451 900 554 960 scelus
565 898 715 961 interlecti
728 907 807 961 sunt.
830 899 861 960 id
873 907 935 961 tam
946 900 1038 962 laede

53 991 145 1058 atque
160 981 311 1043 hostiliter
324 997 402 1056 gens
417 983 612 1044 Acarnanum
627 985 739 1045 lactum
751 984 790 1044 ad
800 983 972 1061 Philippum
984 985 1023 1045 de

54 1066 134 1140 tulit,
160 1063 395 1142 impetravitque
414 1066 453 1126 ab
474 1083 528 1141 eo,
557 1075 590 1128 ul
604 1067 683 1128 datis
697 1067 901 1130 Macedonum
915 1065 1037 1128 auxiliis

54 1151 165 1210 bellum
180 1165 215 1209 se
234 1146 347 1209 inferre
361 1148 601 1212 Atheniensibus
615 1157 780 1226 pateretur.
813 1151 863 1212 hic
884 1151 1037 1212 exercitus

56 1233 153 1309 primo
166 1242 277 1294 terram
292 1231 423 1294 Atticam
438 1235 519 1296 ierro
535 1232 660 1309 ignique
676 1235 881 1310 depopulatus
894 1251 964 1296 cum
974 1249 1037 1296 om·

58 1317 106 1379 nis
120 1316 239 1394 generis
254 1318 371 1393 praeda
385 1315 415 1377 in
430 1317 635 1378 Acarnaniam
649 1317 748 1379 rediit.
784 1325 815 1378 et
828 1316 955 1379 irritatio
971 1316 1037 1393 qui·

58 1402 124 1462 dem
139 1399 309 1462 animorum
325 1417 362 1461 ea
377 1399 475 1476 prima
490 1401 554 1463 luit.
589 1409 699 1477 postea
724 1401 836 1462 iustum
856 1402 969 1462 bellum
985 1401 1037 1461 de-

57 1485 145 1547 cretis
160 1484 292 1546 civitatis
306 1487 386 1545 uiuo
402 1483 567 1546 indicendo
577 1488 705 1546 iactum.
738 1487 859 1547 Attalus
880 1485 960 1546 enim
981 1500 1034 1546 rex

58 1569 228 1645 Rhodiique
244 1567 399 1645 persecuti
415 1569 573 1630 cedentem
588 1569 618 1630 in
637 1569 850 1632 Macedoniam
864 1569 1035 1645 Philippum

58 1671 122 1714 cum
137 1652 289 1730 Aeginam
304 1652 478 1726 venissent,
504 1669 559 1714 rex
573 1653 731 1715 Piraeeum
750 1654 950 1716 renovandae
964 1669 1036 1714 con-

57 1737 285 1814 innandaequa
307 1753 376 1798 cum
389 1736 631 1799 Atheniensibus
653 1735 810 1799 societatis
832 1755 928 1799 causa
947 1737 1036 1798 traie

56 1821 103 1882 eit.
139 1820 247 1883 civitas
262 1820 362 1882 omnis
378 1821 500 1883 obviam
515 1819 615 1883 effusa
630 1837 699 1882 cum
714 1819 897 1898 coniugibus
911 1837 949 1882 ac
963 1820 1036 1883 libe·

56 1904 110 1980 ris,
137 1905 316 1968 sacerdotes
339 1921 407 1966 cum
428 1903 600 1981 insignibus
623 1904 688 1968 suis
703 1905 864 1968 intrantem
878 1906 986 1966 urbem
1000 1920 1038 1964 ac

57 1989 83 2050 di
97 2005 198 2066 prope
212 1989 273 2066 ipsi
288 1988 379 2051 exciti
396 1988 523 2051 sedibus
539 1989 603 2051 suis
618 1997 813 2065 acceperunt.
835 1989 901 2050 XV.
916 1988 948 2049 in
963 2005 1037 2050 con·
1086 2001 1092 2012 ·

59 2073 166 2134 ionem
183 2075 338 2149 externplo
355 2073 490 2149 populus
505 2081 652 2149 vocatuS,
666 2082 700 2135 ut
713 2090 769 2134 rex
785 2089 865 2148 quae
878 2075 971 2134 vellet
985 2087 1037 2132 co·

58 2174 117 2218 ram
143 2165 262 2234 agerem
290 2157 404 2218 deinde
424 2173 464 2217 ex
485 2157 631 2233 dignitate
652 2157 749 2233 magis
775 2157 875 2219 visum
902 2156 1038 2218 scrihere

57 2258 122 2302 cum
137 2241 177 2303 dc
193 2239 304 2318 quibus
319 2240 490 2315 videretur,
513 2259 604 2316 quam
625 2250 820 2318 praesentem
837 2249 890 2302 aut
903 2243 1038 2302 releren-

59 2325 101 2386 dis
116 2325 183 2387 suis
198 2325 228 2385 in
245 2324 398 2386 civitatem
412 2324 573 2386 beneficiis
589 2327 789 2399 erubescere,
816 2331 870 2387 aut
883 2324 1036 2401 significa-

58 2407 187 2472 tionibus
199 2408 535 2489 {reclamationibusque
546 2409 746 2472 multitudinis
758 2409 972 2471 adsentatione
983 2407 1037 2468 im-

60 2495 175 2575 modica
190 2493 341 2568 pudorem
357 2491 522 2555 onerantis.
558 2492 589 2554 in
605 2493 711 2555 littoris
731 2502 846 2565 autem,
865 2511 945 2568 quae
965 2491 1037 2552 mis-

60 2592 107 2636 sae
122 2576 152 2637 in
169 2576 345 2638 contionem
365 2576 573 2652 recitataeque
589 2587 674 2650 sunt,
703 2575 952 2638 commemoratio
973 2581 1034 2636 erat

59 2659 274 2723 beneficiorum
289 2660 420 2737 primum
434 2661 464 2720 in
481 2659 634 2721 civitatem
649 2674 783 2732 suorum,
801 2659 912 2720 deinde
926 2673 1034 2734 rerum

61 2760 131 2816 quas
145 2747 300 2807 adversus
314 2744 487 2820 Philippum
501 2743 662 2820 gessisset,
669 2744 713 2808 ed
725 2752 914 2822 postremum
926 2741 1035 2804 adhor-

60 2827 124 2888 tatio
138 2829 327 2906 capessendi
342 2828 423 2901 belli‚
439 2830 511 2890 dum
524 2845 568 2902 se,
584 2829 656 2890 dum
670 2827 819 2902 Rhodios
835 2835 898 2889 tum
914 2827 1038 2904 quidem

61 2909 124 2970 dum
139 2911 231 2976 etiam
245 2914 403 2975 Romanos
417 2913 575 2974 haberent.
596 2912 785 2989 nequiquam
799 2919 918 2988 postea,
934 2912 961 2973 si
975 2921 1039 2973 turn

61 3005 241 3072 cessassent,
257 2996 508 3073 praetermissam
523 2996 720 3058 occasionem
736 2996 941 3073 quaesituros.
955 2997 1038 3060 Rho-

61 3076 97 3136 dii
111 3081 224 3142 deinde
238 3081 330 3156 legati
344 3079 440 3142 auditi
455 3089 540 3153 sunt;
562 3097 691 3155 quorum
713 3097 823 3142 recens
843 3088 908 3142 erat
922 3081 1037 3142 benefi-

62 3159 148 3236 cium,
179 3167 265 3241 quod
285 3181 382 3226 naves
397 3167 505 3240 longas
525 3174 668 3241 quattuor
681 3164 916 3226 Atheniensium
931 3172 1038 3240 captas

61 3260 152 3322 nuper
176 3250 216 3310 ab
235 3247 461 3311 Macedonibus
482 3258 744 3327 recuperatasque
757 3249 947 3311 remiserant.
983 3246 1037 3307 ita-

61 3345 115 3400 que
128 3331 244 3408 ingenti
259 3350 417 3395 consensu
430 3333 543 3394 bellum
564 3335 716 3395 adversus
738 3333 910 3408 Philippum
932 3331 1038 3392 decre-

62 3419 126 3474 tum.
170 3417 307 3480 honores
328 3419 393 3494 regi
416 3416 546 3493 primum
560 3419 662 3479 Attalo
678 3415 848 3490 immodici,
875 3413 987 3476 deinde
1008 3421 1039 3476 el

62 3491 182 3564 Rhodiis
196 3501 302 3562 habiti.
326 3509 387 3562 tum
404 3500 534 3578 primum
548 3502 661 3564 mentio
677 3501 769 3562 inlata
784 3501 823 3560 de
839 3497 928 3571 tribu,
945 3515 1037 3575 quarn
