2482 3902
260 204 374 266 LIBER
388 205 520 268 XXXIII.
543 205 626 267 cAP.
641 217 668 270 π.
679 217 705 272 3.
729 216 765 284 [a.
779 216 811 272 0.
824 217 886 285 197]
1012 211 1055 279 bb

94 356 219 418 unierunt
241 355 460 431 perferuntque
482 363 568 432 purte
587 359 793 422 membrorum
815 370 952 439 coptum,
978 379 1054 441 pau-

93 441 176 516 lisper
191 440 286 502 contio
305 438 479 502 intermissa
492 448 549 502 ast.
575 441 760 506 Aristaenus
774 443 846 506 inda
859 445 1056 511 Achaeorum

94 530 332 601 praeterendum
346 524 463 585 maiore
477 527 657 587 auctoritate
672 528 803 604 auditus,
820 532 905 606 quod
918 545 981 592 non
996 534 1056 594 alio

93 621 170 685 quum
185 621 261 684 quae
275 607 410 670 Achaeis
425 616 568 670 suaserat
576 608 702 672 Boeotis
718 613 877 676 suadebat.
901 625 1000 692 pauca
1015 619 1054 677 ab

91 694 151 768 ipso
165 685 298 766 Quinctio
313 691 442 768 adlecta,
459 691 552 754 iidem
565 695 664 769 magis
678 693 847 758 Romanam
864 711 956 774 quum
970 709 1055 762 amru

92 783 135 836 eut
146 786 218 852 opes
239 776 405 838 extollente
418 777 533 839 verbis.
565 779 685 854 rogatio
699 781 770 842 inde
784 797 801 842 u
817 781 988 844 Plataeensi
1003 784 1051 846 lll-

92 859 222 921 caearcho
242 861 304 922 lata
321 862 508 938 recitataque
530 863 568 924 de
587 867 724 926 minute
743 875 812 926 cum
825 867 972 928 Romanis
987 868 1051 928 iun·

91 945 184 1020 gendo,
198 947 279 1005 nullo
292 952 399 1006 contra
410 947 513 1006 dicere
524 948 665 1021 audente,
679 949 811 1010 omnium
821 949 968 1013 eoeouac
980 951 1053 1012 civi·

91 1035 168 1090 tarum
191 1027 344 1105 suffragiis
370 1030 519 1106 accipitur
542 1032 734 1108 iubetnrque.
768 1029 898 1096 concilio
924 1031 1053 1098 dimisso

92 1111 227 1187 Quinctius
241 1120 357 1175 tuntum
370 1113 482 1175 Thebis
497 1122 648 1189 moratus,
673 1125 819 1192 quantum
833 1119 926 1179 Attali
938 1125 1052 1194 repens

91 1213 166 1259 casus
180 1199 290 1274 coegit,
306 1207 471 1274 postquam
486 1212 549 1260 non
564 1199 645 1260 vitae
659 1213 809 1275 praesens
825 1202 994 1276 periculum
1004 1204 1052 1264 vis

90 1282 169 1344 morbi
189 1282 328 1344 attulisse
346 1283 405 1344 sed
419 1283 625 1344 membrorum
640 1281 824 1345 debilitatem
839 1285 907 1346 visu
919 1291 984 1360 est,
1004 1301 1046 1346 re·

90 1365 146 1427 licto
165 1382 200 1428 eo
221 1367 262 1426 ad
293 1365 481 1428 curationem
502 1367 710 1428 necessariam
734 1369 890 1444 corporis,
916 1364 1051 1442 Philum,

90 1451 156 1510 unde
174 1452 331 1526 protectus
353 1457 432 1524 erat,
457 1451 537 1512 redit
556 1451 683 1512 Boeotis
706 1463 844 1528 quoquo,
866 1453 946 1514 sieut
967 1452 1050 1528 prtut

88 1534 211 1610 Achaeis,
226 1535 268 1596 ad
283 1535 461 1597 societatem
476 1535 602 1596 adscitis
617 1541 656 1610 et,
673 1536 817 1612 qnoniam
831 1543 895 1598 tuta
910 1548 947 1596 ec
960 1550 1051 1612 paea·

89 1623 164 1692 taque
174 1620 210 1680 ab
220 1626 310 1694 tergo
320 1619 580 1694 relinquebantur,
593 1619 732 1681 omnibus
744 1621 804 1680 iam
817 1619 1051 1697 cogitationibus

89 1699 111 1759 in
123 1701 288 1779 Philippum
303 1710 334 1766 et
348 1703 434 1779 quod
449 1701 600 1779 reliquum
614 1702 686 1763 belli
701 1711 765 1764 erat
780 1705 949 1765 conversis.

155 1787 200 1846 lll.
227 1787 390 1863 Philippus
412 1797 538 1862 qnoque
558 1786 758 1862 permovere,
781 1796 947 1864 postquam
960 1788 1053 1864 legati

87 1869 117 1930 ab
131 1869 220 1932 Roma
233 1871 311 1932 nihil
327 1873 428 1947 pacali
442 1871 632 1944 rettulerunt,
654 1870 796 1932 dilectum
812 1887 867 1947 per
881 1873 982 1932 omnia
996 1887 1051 1948 op»

88 1953 146 2025 pido
158 1955 240 2032 regni
255 1954 373 2015 habere
388 1955 516 2016 instituit
529 1953 559 2014 in
573 1961 684 2032 magna
698 1953 802 2030 inopie
815 1955 977 2016 iuniorum.
999 1956 1052 2015 nb·
1082 2015 1092 2034 ‚

87 2047 266 2114 sumpserant
286 2035 366 2098 onim
386 2054 442 2113 per
460 2040 571 2100 multas
592 2037 652 2098 ium
672 2045 787 2100 aetates
809 2039 953 2101 coninua
973 2037 1053 2098 bello

85 2119 273 2193 Macedonum
296 2123 367 2198 ipso
384 2137 509 2198 quoque
522 2127 668 2198 regnume
682 2129 713 2184 et
725 2123 886 2184 incudibus
897 2121 986 2183 bellis
998 2123 1052 2182 ad·

87 2215 180 2267 uersus
193 2207 334 2270 Rhodios
349 2207 546 2282 Attalumque
566 2213 597 2266 et
610 2207 805 2269 terrestribus
824 2207 976 2268 adversus
989 2207 1052 2267 lto-

87 2299 180 2352 mnnos
194 2293 348 2353 ceciderat
360 2298 491 2366 magnus
506 2299 660 2351 numerus.
684 2291 725 2351 ita
739 2299 770 2352 ct
783 2290 898 2353 mones
913 2289 951 2350 ab
963 2289 1052 2350 sede-

88 2372 134 2434 cim
146 2375 230 2436 annis
244 2375 357 2435 milites
372 2373 534 2448 scribebat,
550 2381 580 2434 et
592 2373 725 2434 erncritis'
741 2373 866 2450 quidam
880 2374 1052 2448 stipendiis,

87 2455 181 2528 quibus
193 2460 287 2520 modo
300 2456 465 2534 quiequam
475 2458 586 2533 reliqui
597 2457 720 2518 roboris
732 2465 804 2532 erut,
812 2459 852 2518 ad
863 2457 953 2532 signu
962 2471 1052 2518 revo-

87 2539 226 2602 cabantur.
261 2544 304 2602 ita
324 2543 468 2617 suppleto
487 2542 640 2612 exercitu,
664 2541 833 2602 secundum
853 2549 982 2599 remum
1001 2554 1052 2598 ae-

88 2623 258 2695 quinoctium
280 2625 379 2685 omnis
400 2625 611 2706 copias-Dium
626 2624 792 2693 contrariu
814 2624 919 2698 ibique
932 2621 1052 2682 stellula

86 2707 194 2784 positis,
215 2709 392 2770 exercendo
415 2707 552 2786 qnotidie
571 2707 665 2768 milite
684 2708 805 2768 hostem
826 2704 1052 2782 opperiebatur.

86 2795 109 2848 el
121 2789 272 2868 Quinctius
293 2805 350 2868 per
370 2793 499 2854 eosdem
519 2793 614 2852 lemae
634 2792 702 2852 dies
724 2793 763 2852 ab
776 2789 873 2852 Elatia
894 2791 1052 2865 protectus

84 2883 191 2944 praeter
198 2877 367 2938 Thronium
381 2883 411 2936 et
422 2875 609 2952 Scarpheam
620 2877 660 2937 od
669 2877 891 2956 Thermopylas
903 2875 1052 2950 perventu

85 2954 118 3015 ibi
136 2960 296 3022 concilium
310 2961 489 3022 Aetolorum
502 2961 683 3022 Heracleum
702 2960 848 3020 indictum
870 2955 965 3020 tenuit
979 2965 1052 3018 oon⁴

86 3039 264 3119 saltantium,
285 3043 409 3121 quantis
428 3043 552 3104 auxiliis
563 3041 734 3106 Romanum
755 3044 796 3104 ad
813 3043 927 3104 bellurn
940 3051 1052 3118 seque·

84 3131 184 3188 rentur.
213 3127 343 3204 cogntus
365 3128 521 3190 coelorum
536 3127 669 3190 decretis
684 3128 771 3190 tertia
785 3128 835 3189 die
849 3128 888 3187 ab
903 3127 1053 3184 Heraclea

83 3203 188 3286 Xynias
209 3223 415 3288 praegressus
435 3213 467 3272 in
488 3213 622 3274 ecnllnio
636 3213 807 3272 Aenianum
820 3209 1052 3270 Thessalorum·

84 3307 136 3364 qus
158 3297 267 3370 positis
292 3296 401 3360 castris
422 3297 563 3358 Aetolica
588 3296 701 3356 auxilia
721 3294 946 3370 opperiebatur.
978 3287 1051 3350 nihil
1146 3355 1159 3384 ἦ

84 3379 179 3439 moreti
197 3379 299 3442 Aetoli
320 3388 406 3442 sunta
436 3379 578 3441 Phaenea
598 3381 676 3440 duce
696 3375 833 3438 sexcenti
847 3373 968 3451 pedites
983 3383 1052 3434 cum

84 3461 225 3534 eqniubus
241 3463 471 3542 quadringentis
485 3469 643 3524 uenerunt.
676 3475 716 3520 ne
731 3459 855 3522 dubium
869 3464 962 3533 esset,
979 3457 1053 3534 quid
