<?xml version="1.0" encoding="UTF-8"?>
<!DOCTYPE html PUBLIC "-//W3C//DTD XHTML 1.0 Transitional//EN"
    "http://www.w3.org/TR/xhtml1/DTD/xhtml1-transitional.dtd">
<html xmlns="http://www.w3.org/1999/xhtml" xml:lang="en" lang="en">
 <head>
  <title>
</title>
<meta http-equiv="Content-Type" content="text/html;charset=utf-8" />
  <meta name='ocr-system' content='tesseract 3.04.00' />
  <meta name='ocr-capabilities' content='ocr_page ocr_carea ocr_par ocr_line ocrx_word'/>
</head>
<body>
  <div class='ocr_page' id='page_1' title='image "./titiliviaburbec08livygoog_0139.png"; bbox 0 0 2482 3902; ppageno 0'>
   <div class='ocr_carea' id='block_1_1' title="bbox 220 239 1061 316">
    <p class='ocr_par' dir='ltr' id='par_1_1' title="bbox 220 239 1061 316">
     <span class='ocr_line' id='line_1_1' title="bbox 220 239 1061 316; baseline -0.006 -11"><span class='ocrx_word' id='word_1_1' title='bbox 220 241 282 306; x_wconf 88' lang='lat'>110</span> <span class='ocrx_word' id='word_1_2' title='bbox 356 241 471 303; x_wconf 78' lang='lat' dir='ltr'><strong>LIBER</strong></span> <span class='ocrx_word' id='word_1_3' title='bbox 484 241 617 302; x_wconf 79' lang='lat' dir='ltr'><strong>XXXIII.</strong></span> <span class='ocrx_word' id='word_1_4' title='bbox 639 239 722 301; x_wconf 81' lang='lat' dir='ltr'>cAP.</span> <span class='ocrx_word' id='word_1_5' title='bbox 737 247 781 301; x_wconf 84' lang='lat' dir='ltr'>at.</span> <span class='ocrx_word' id='word_1_6' title='bbox 796 247 840 300; x_wconf 82' lang='lat' dir='ltr'>ea.</span> <span class='ocrx_word' id='word_1_7' title='bbox 865 239 901 316; x_wconf 72' lang='lat' dir='ltr'>[a.</span> <span class='ocrx_word' id='word_1_8' title='bbox 914 243 948 296; x_wconf 86' lang='grc' dir='ltr'>υ.</span> <span class='ocrx_word' id='word_1_9' title='bbox 960 259 985 296; x_wconf 69' lang='lat' dir='ltr'>o.</span> <span class='ocrx_word' id='word_1_10' title='bbox 997 247 1061 316; x_wconf 68' lang='lat' dir='ltr'>sao]</span> 
     </span>
    </p>
   </div>
   <div class='ocr_carea' id='block_1_2' title="bbox 219 388 1191 555">
    <p class='ocr_par' dir='ltr' id='par_1_2' title="bbox 219 388 1191 555">
     <span class='ocr_line' id='line_1_2' title="bbox 219 388 1190 464; baseline -0.005 -9"><span class='ocrx_word' id='word_1_11' title='bbox 219 411 278 456; x_wconf 90' lang='lat' dir='ltr'>sua</span> <span class='ocrx_word' id='word_1_12' title='bbox 298 395 400 454; x_wconf 88' lang='lat' dir='ltr'>lacere</span> <span class='ocrx_word' id='word_1_13' title='bbox 419 407 457 454; x_wconf 92' lang='lat' dir='ltr'>ac</span> <span class='ocrx_word' id='word_1_14' title='bbox 475 399 609 453; x_wconf 78' lang='lat' dir='ltr'><strong>statuere</strong></span> <span class='ocrx_word' id='word_1_15' title='bbox 630 389 709 452; x_wconf 93' lang='lat' dir='ltr'>iussi</span> <span class='ocrx_word' id='word_1_16' title='bbox 729 398 825 451; x_wconf 89' lang='lat' dir='ltr'>erant.</span> <span class='ocrx_word' id='word_1_17' title='bbox 867 388 1039 450; x_wconf 77' lang='lat' dir='ltr'><strong>Antiochus</strong></span> <span class='ocrx_word' id='word_1_18' title='bbox 1054 398 1190 464; x_wconf 83' lang='lat' dir='ltr'>rexerat,</span> 
     </span>
     <span class='ocr_line' id='line_1_3' title="bbox 219 471 1191 555; baseline -0.006 -15"><span class='ocrx_word' id='word_1_19' title='bbox 219 495 312 555; x_wconf 89' lang='lat' dir='ltr'>quern</span> <span class='ocrx_word' id='word_1_20' title='bbox 326 485 591 552; x_wconf 82' lang='lat' dir='ltr'>transgressurum</span> <span class='ocrx_word' id='word_1_21' title='bbox 605 474 635 535; x_wconf 92' lang='lat' dir='ltr'>in</span> <span class='ocrx_word' id='word_1_22' title='bbox 649 475 819 550; x_wconf 81' lang='lat' dir='ltr'>Europam,</span> <span class='ocrx_word' id='word_1_23' title='bbox 843 489 912 534; x_wconf 94' lang='lat' dir='ltr'>cum</span> <span class='ocrx_word' id='word_1_24' title='bbox 926 471 1059 550; x_wconf 89' lang='lat' dir='ltr'>primurn</span> <span class='ocrx_word' id='word_1_25' title='bbox 1074 471 1104 532; x_wconf 87' lang='lat' dir='ltr'>ei</span> <span class='ocrx_word' id='word_1_26' title='bbox 1117 471 1191 534; x_wconf 83' lang='lat' dir='ltr'>vires</span> 
     </span>
    </p>
   </div>
   <div class='ocr_carea' id='block_1_3' title="bbox 207 556 1189 3578">
    <p class='ocr_par' dir='ltr' id='par_1_3' title="bbox 215 556 1189 1894">
     <span class='ocr_line' id='line_1_4' title="bbox 219 556 1188 636; baseline -0.004 -14"><span class='ocrx_word' id='word_1_27' title='bbox 219 579 295 623; x_wconf 89' lang='lat' dir='ltr'>suae</span> <span class='ocrx_word' id='word_1_28' title='bbox 311 559 386 622; x_wconf 90' lang='lat' dir='ltr'>satis</span> <span class='ocrx_word' id='word_1_29' title='bbox 400 558 607 636; x_wconf 80' lang='lat' dir='ltr'>placuissent,</span> <span class='ocrx_word' id='word_1_30' title='bbox 623 576 686 620; x_wconf 89' lang='lat' dir='ltr'>non</span> <span class='ocrx_word' id='word_1_31' title='bbox 701 557 889 619; x_wconf 86' lang='lat' dir='ltr'>dubitabant.</span> <span class='ocrx_word' id='word_1_32' title='bbox 931 556 960 616; x_wconf 93' lang='lat' dir='ltr'>ei</span> <span class='ocrx_word' id='word_1_33' title='bbox 974 565 1035 618; x_wconf 85' lang='lat' dir='ltr'>tam</span> <span class='ocrx_word' id='word_1_34' title='bbox 1052 565 1188 632; x_wconf 77' lang='lat' dir='ltr'>oppono</span> 
     </span>
     <span class='ocr_line' id='line_1_5' title="bbox 219 633 1188 720; baseline -0.004 -14"><span class='ocrx_word' id='word_1_35' title='bbox 219 662 275 706; x_wconf 88' lang='lat' dir='ltr'>nas</span> <span class='ocrx_word' id='word_1_36' title='bbox 290 645 331 705; x_wconf 91' lang='lat' dir='ltr'>ad</span> <span class='ocrx_word' id='word_1_37' title='bbox 343 643 558 720; x_wconf 89' lang='lat' dir='ltr'>occupandum</span> <span class='ocrx_word' id='word_1_38' title='bbox 572 649 679 720; x_wconf 88' lang='lat' dir='ltr'>patere</span> <span class='ocrx_word' id='word_1_39' title='bbox 689 643 783 703; x_wconf 91' lang='lat' dir='ltr'>urbes</span> <span class='ocrx_word' id='word_1_40' title='bbox 794 643 947 704; x_wconf 91' lang='lat' dir='ltr'>nolebant.</span> <span class='ocrx_word' id='word_1_41' title='bbox 970 641 1009 701; x_wconf 85' lang='lat' dir='ltr'>ab</span> <span class='ocrx_word' id='word_1_42' title='bbox 1020 633 1118 702; x_wconf 77' lang='lat' dir='ltr'>Elatia</span> <span class='ocrx_word' id='word_1_43' title='bbox 1127 657 1188 716; x_wconf 93' lang='lat' dir='ltr'>pro·</span> 
     </span>
     <span class='ocr_line' id='line_1_6' title="bbox 218 724 1188 805; baseline -0.002 -15"><span class='ocrx_word' id='word_1_44' title='bbox 218 731 318 791; x_wconf 88' lang='lat' dir='ltr'>lectus</span> <span class='ocrx_word' id='word_1_45' title='bbox 334 727 493 802; x_wconf 79' lang='lat' dir='ltr'>Quinctius</span> <span class='ocrx_word' id='word_1_46' title='bbox 507 725 686 805; x_wconf 75' lang='lat' dir='ltr'>Anticyram</span> <span class='ocrx_word' id='word_1_47' title='bbox 701 743 771 788; x_wconf 88' lang='lat' dir='ltr'>cum</span> <span class='ocrx_word' id='word_1_48' title='bbox 785 726 894 788; x_wconf 88' lang='lat' dir='ltr'>decem</span> <span class='ocrx_word' id='word_1_49' title='bbox 908 725 1034 802; x_wconf 85' lang='lat' dir='ltr'>legatis,</span> <span class='ocrx_word' id='word_1_50' title='bbox 1055 724 1127 786; x_wconf 90' lang='lat' dir='ltr'>inde</span> <span class='ocrx_word' id='word_1_51' title='bbox 1141 726 1188 788; x_wconf 83' lang='lat' dir='ltr'>Co-</span> 
     </span>
     <span class='ocr_line' id='line_1_7' title="bbox 217 807 1189 874; baseline -0.004 0"><span class='ocrx_word' id='word_1_52' title='bbox 217 811 350 874; x_wconf 84' lang='lat' dir='ltr'>rinthum</span> <span class='ocrx_word' id='word_1_53' title='bbox 366 809 494 873; x_wconf 89' lang='lat' dir='ltr'>traiecit.</span> <span class='ocrx_word' id='word_1_54' title='bbox 536 809 578 872; x_wconf 91' lang='lat' dir='ltr'>ibi</span> <span class='ocrx_word' id='word_1_55' title='bbox 599 810 729 872; x_wconf 87' lang='lat' dir='ltr'>consilia</span> <span class='ocrx_word' id='word_1_56' title='bbox 750 811 790 872; x_wconf 89' lang='lat' dir='ltr'>de</span> <span class='ocrx_word' id='word_1_57' title='bbox 810 809 949 872; x_wconf 88' lang='lat' dir='ltr'>libertate</span> <span class='ocrx_word' id='word_1_58' title='bbox 964 808 1112 870; x_wconf 88' lang='lat' dir='ltr'>Graeciae</span> <span class='ocrx_word' id='word_1_59' title='bbox 1130 807 1189 870; x_wconf 87' lang='lat' dir='ltr'>dies</span> 
     </span>
     <span class='ocr_line' id='line_1_8' title="bbox 217 891 1188 974; baseline -0.004 -18"><span class='ocrx_word' id='word_1_60' title='bbox 217 913 317 974; x_wconf 87' lang='lat' dir='ltr'>prope</span> <span class='ocrx_word' id='word_1_61' title='bbox 341 904 423 958; x_wconf 91' lang='lat' dir='ltr'>totos</span> <span class='ocrx_word' id='word_1_62' title='bbox 448 895 480 955; x_wconf 92' lang='lat' dir='ltr'>in</span> <span class='ocrx_word' id='word_1_63' title='bbox 507 895 638 956; x_wconf 90' lang='lat' dir='ltr'>concilio</span> <span class='ocrx_word' id='word_1_64' title='bbox 664 895 773 956; x_wconf 88' lang='lat' dir='ltr'>decem</span> <span class='ocrx_word' id='word_1_65' title='bbox 797 895 968 970; x_wconf 88' lang='lat' dir='ltr'>legatorum</span> <span class='ocrx_word' id='word_1_66' title='bbox 995 891 1188 970; x_wconf 85' lang='lat' dir='ltr'>agitabantur.</span> 
     </span>
     <span class='ocr_line' id='line_1_9' title="bbox 216 976 1187 1054; baseline -0.003 -13"><span class='ocrx_word' id='word_1_67' title='bbox 216 977 384 1042; x_wconf 82' lang='lat' dir='ltr'>identidem</span> <span class='ocrx_word' id='word_1_68' title='bbox 399 977 558 1054; x_wconf 82' lang='lat' dir='ltr'>Quinctius</span> <span class='ocrx_word' id='word_1_69' title='bbox 573 979 761 1040; x_wconf 82' lang='lat' dir='ltr'>liberandam</span> <span class='ocrx_word' id='word_1_70' title='bbox 776 993 897 1039; x_wconf 88' lang='lat' dir='ltr'>omnem</span> <span class='ocrx_word' id='word_1_71' title='bbox 912 976 1080 1051; x_wconf 88' lang='lat' dir='ltr'>Graeciam,</span> <span class='ocrx_word' id='word_1_72' title='bbox 1097 977 1124 1039; x_wconf 92' lang='lat' dir='ltr'>si</span> <span class='ocrx_word' id='word_1_73' title='bbox 1136 981 1187 1040; x_wconf 76' lang='lat' dir='ltr'>Ae-</span> 
     </span>
     <span class='ocr_line' id='line_1_10' title="bbox 216 1060 1187 1139; baseline -0.004 -13"><span class='ocrx_word' id='word_1_74' title='bbox 216 1067 348 1126; x_wconf 92' lang='lat' dir='ltr'>tolorum</span> <span class='ocrx_word' id='word_1_75' title='bbox 362 1062 482 1139; x_wconf 83' lang='lat' dir='ltr'>linguas</span> <span class='ocrx_word' id='word_1_76' title='bbox 494 1062 667 1136; x_wconf 89' lang='lat' dir='ltr'>retundere,</span> <span class='ocrx_word' id='word_1_77' title='bbox 685 1062 712 1122; x_wconf 91' lang='lat' dir='ltr'>si</span> <span class='ocrx_word' id='word_1_78' title='bbox 725 1078 827 1123; x_wconf 89' lang='lat' dir='ltr'>veram</span> <span class='ocrx_word' id='word_1_79' title='bbox 840 1060 996 1124; x_wconf 85' lang='lat' dir='ltr'>caritatem</span> <span class='ocrx_word' id='word_1_80' title='bbox 1007 1077 1045 1122; x_wconf 89' lang='lat' dir='ltr'>ac</span> <span class='ocrx_word' id='word_1_81' title='bbox 1056 1063 1187 1123; x_wconf 86' lang='lat' dir='ltr'>maiesta-</span> 
     </span>
     <span class='ocr_line' id='line_1_11' title="bbox 216 1145 1187 1225; baseline -0.005 -15"><span class='ocrx_word' id='word_1_82' title='bbox 216 1157 278 1210; x_wconf 85' lang='lat' dir='ltr'>tem</span> <span class='ocrx_word' id='word_1_83' title='bbox 298 1148 383 1225; x_wconf 85' lang='lat' dir='ltr'>apud</span> <span class='ocrx_word' id='word_1_84' title='bbox 402 1145 502 1210; x_wconf 90' lang='lat' dir='ltr'>omnis</span> <span class='ocrx_word' id='word_1_85' title='bbox 522 1145 656 1208; x_wconf 89' lang='lat' dir='ltr'>nominis</span> <span class='ocrx_word' id='word_1_86' title='bbox 675 1145 806 1208; x_wconf 89' lang='lat' dir='ltr'>Romani</span> <span class='ocrx_word' id='word_1_87' title='bbox 825 1147 938 1208; x_wconf 89' lang='lat' dir='ltr'>vellent</span> <span class='ocrx_word' id='word_1_88' title='bbox 952 1163 1040 1218; x_wconf 71' lang='lat' dir='ltr'>esse,</span> <span class='ocrx_word' id='word_1_89' title='bbox 1063 1145 1091 1207; x_wconf 92' lang='lat' dir='ltr'>si</span> <span class='ocrx_word' id='word_1_90' title='bbox 1105 1147 1187 1206; x_wconf 87' lang='lat' dir='ltr'>fiden</span> 
     </span>
     <span class='ocr_line' id='line_1_12' title="bbox 217 1229 1187 1303; baseline -0.003 -11"><span class='ocrx_word' id='word_1_91' title='bbox 217 1233 320 1295; x_wconf 86' lang='lat' dir='ltr'>lacere</span> <span class='ocrx_word' id='word_1_92' title='bbox 334 1233 375 1294; x_wconf 90' lang='lat' dir='ltr'>ad</span> <span class='ocrx_word' id='word_1_93' title='bbox 389 1231 579 1293; x_wconf 84' lang='lat' dir='ltr'>liberandam</span> <span class='ocrx_word' id='word_1_94' title='bbox 594 1229 767 1303; x_wconf 87' lang='lat' dir='ltr'>Graeciam,</span> <span class='ocrx_word' id='word_1_95' title='bbox 784 1247 846 1292; x_wconf 92' lang='lat' dir='ltr'>non</span> <span class='ocrx_word' id='word_1_96' title='bbox 861 1231 902 1291; x_wconf 87' lang='lat' dir='ltr'>ad</span> <span class='ocrx_word' id='word_1_97' title='bbox 915 1231 1187 1292; x_wconf 82' lang='lat' dir='ltr'>transferenduma</span> 
     </span>
     <span class='ocr_line' id='line_1_13' title="bbox 215 1313 1187 1394; baseline -0.004 -17"><span class='ocrx_word' id='word_1_98' title='bbox 215 1315 357 1394; x_wconf 90' lang='lat' dir='ltr'>Philippo</span> <span class='ocrx_word' id='word_1_99' title='bbox 374 1318 415 1378; x_wconf 91' lang='lat' dir='ltr'>ad</span> <span class='ocrx_word' id='word_1_100' title='bbox 430 1333 465 1378; x_wconf 89' lang='lat' dir='ltr'>se</span> <span class='ocrx_word' id='word_1_101' title='bbox 480 1314 642 1392; x_wconf 88' lang='lat' dir='ltr'>imperium</span> <span class='ocrx_word' id='word_1_102' title='bbox 656 1331 727 1376; x_wconf 90' lang='lat' dir='ltr'>sese</span> <span class='ocrx_word' id='word_1_103' title='bbox 741 1331 826 1376; x_wconf 88' lang='lat' dir='ltr'>mare</span> <span class='ocrx_word' id='word_1_104' title='bbox 840 1313 1010 1377; x_wconf 88' lang='lat' dir='ltr'>traiecisse.</span> <span class='ocrx_word' id='word_1_105' title='bbox 1032 1313 1108 1374; x_wconf 89' lang='lat' dir='ltr'>nihil</span> <span class='ocrx_word' id='word_1_106' title='bbox 1123 1331 1187 1374; x_wconf 90' lang='lat' dir='ltr'>con·</span> 
     </span>
     <span class='ocr_line' id='line_1_14' title="bbox 215 1395 1187 1474; baseline -0.005 -12"><span class='ocrx_word' id='word_1_107' title='bbox 215 1409 262 1462; x_wconf 90' lang='lat' dir='ltr'>Ira</span> <span class='ocrx_word' id='word_1_108' title='bbox 284 1417 322 1462; x_wconf 88' lang='lat' dir='ltr'>ea</span> <span class='ocrx_word' id='word_1_109' title='bbox 342 1401 381 1461; x_wconf 91' lang='lat' dir='ltr'>de</span> <span class='ocrx_word' id='word_1_110' title='bbox 401 1399 540 1461; x_wconf 88' lang='lat' dir='ltr'>libertate</span> <span class='ocrx_word' id='word_1_111' title='bbox 560 1398 681 1460; x_wconf 90' lang='lat' dir='ltr'>urbium</span> <span class='ocrx_word' id='word_1_112' title='bbox 701 1398 753 1459; x_wconf 90' lang='lat' dir='ltr'>alii</span> <span class='ocrx_word' id='word_1_113' title='bbox 774 1399 930 1460; x_wconf 79' lang='lat' dir='ltr'>dicebant:</span> <span class='ocrx_word' id='word_1_114' title='bbox 958 1407 1095 1460; x_wconf 87' lang='lat' dir='ltr'>ceterum</span> <span class='ocrx_word' id='word_1_115' title='bbox 1117 1395 1187 1474; x_wconf 89' lang='lat' dir='ltr'>ipsis</span> 
     </span>
     <span class='ocr_line' id='line_1_15' title="bbox 215 1480 1188 1559; baseline -0.003 -14"><span class='ocrx_word' id='word_1_116' title='bbox 215 1483 310 1546; x_wconf 89' lang='lat' dir='ltr'>tutius</span> <span class='ocrx_word' id='word_1_117' title='bbox 326 1500 398 1545; x_wconf 90' lang='lat' dir='ltr'>esse</span> <span class='ocrx_word' id='word_1_118' title='bbox 412 1499 535 1544; x_wconf 88' lang='lat' dir='ltr'>manere</span> <span class='ocrx_word' id='word_1_119' title='bbox 550 1481 710 1559; x_wconf 88' lang='lat' dir='ltr'>paulisper</span> <span class='ocrx_word' id='word_1_120' title='bbox 724 1484 782 1544; x_wconf 91' lang='lat' dir='ltr'>sub</span> <span class='ocrx_word' id='word_1_121' title='bbox 796 1484 890 1544; x_wconf 90' lang='lat' dir='ltr'>tutela</span> <span class='ocrx_word' id='word_1_122' title='bbox 905 1481 1053 1559; x_wconf 88' lang='lat' dir='ltr'>praesidii</span> <span class='ocrx_word' id='word_1_123' title='bbox 1066 1480 1188 1544; x_wconf 88' lang='lat' dir='ltr'>Romani</span> 
     </span>
     <span class='ocr_line' id='line_1_16' title="bbox 217 1565 1187 1644; baseline -0.002 -16"><span class='ocrx_word' id='word_1_124' title='bbox 217 1585 310 1644; x_wconf 89' lang='lat' dir='ltr'>quam</span> <span class='ocrx_word' id='word_1_125' title='bbox 325 1585 380 1644; x_wconf 90' lang='lat' dir='ltr'>pro</span> <span class='ocrx_word' id='word_1_126' title='bbox 394 1565 535 1644; x_wconf 90' lang='lat' dir='ltr'>Philippo</span> <span class='ocrx_word' id='word_1_127' title='bbox 544 1565 729 1628; x_wconf 87' lang='lat' dir='ltr'>Antiochum</span> <span class='ocrx_word' id='word_1_128' title='bbox 741 1567 897 1628; x_wconf 90' lang='lat' dir='ltr'>dominum</span> <span class='ocrx_word' id='word_1_129' title='bbox 907 1565 1060 1644; x_wconf 87' lang='lat' dir='ltr'>accipere.</span> <span class='ocrx_word' id='word_1_130' title='bbox 1076 1573 1187 1644; x_wconf 76' lang='lat' dir='ltr'>posue</span> 
     </span>
     <span class='ocr_line' id='line_1_17' title="bbox 216 1648 1187 1725; baseline -0.002 -15"><span class='ocrx_word' id='word_1_131' title='bbox 216 1668 265 1710; x_wconf 90' lang='lat' dir='ltr'>mo</span> <span class='ocrx_word' id='word_1_132' title='bbox 281 1651 322 1712; x_wconf 87' lang='lat' dir='ltr'>ita</span> <span class='ocrx_word' id='word_1_133' title='bbox 337 1652 494 1712; x_wconf 89' lang='lat' dir='ltr'>decretum</span> <span class='ocrx_word' id='word_1_134' title='bbox 508 1657 572 1724; x_wconf 90' lang='lat' dir='ltr'>est,</span> <span class='ocrx_word' id='word_1_135' title='bbox 589 1648 752 1712; x_wconf 80' lang='lat' dir='ltr'>corinthus</span> <span class='ocrx_word' id='word_1_136' title='bbox 766 1652 947 1713; x_wconf 86' lang='lat' dir='ltr'>redderetur</span> <span class='ocrx_word' id='word_1_137' title='bbox 959 1651 1105 1725; x_wconf 88' lang='lat' dir='ltr'>Achaeis,</span> <span class='ocrx_word' id='word_1_138' title='bbox 1119 1658 1151 1712; x_wconf 94' lang='lat' dir='ltr'>ut</span> <span class='ocrx_word' id='word_1_139' title='bbox 1162 1649 1187 1710; x_wconf 91' lang='lat' dir='ltr'>in</span> 
     </span>
     <span class='ocr_line' id='line_1_18' title="bbox 215 1732 1186 1812; baseline 0.001 -18"><span class='ocrx_word' id='word_1_140' title='bbox 215 1733 439 1796; x_wconf 87' lang='lat' dir='ltr'>Acrocorintho</span> <span class='ocrx_word' id='word_1_141' title='bbox 453 1741 554 1796; x_wconf 87' lang='lat' dir='ltr'>tamen</span> <span class='ocrx_word' id='word_1_142' title='bbox 570 1732 760 1812; x_wconf 87' lang='lat' dir='ltr'>praesidium</span> <span class='ocrx_word' id='word_1_143' title='bbox 775 1744 874 1807; x_wconf 88' lang='lat' dir='ltr'>csset;</span> <span class='ocrx_word' id='word_1_144' title='bbox 897 1735 1073 1797; x_wconf 85' lang='lat' dir='ltr'>Chalcidem</span> <span class='ocrx_word' id='word_1_145' title='bbox 1086 1751 1123 1796; x_wconf 86' lang='lat' dir='ltr'>ac</span> <span class='ocrx_word' id='word_1_146' title='bbox 1136 1736 1186 1796; x_wconf 89' lang='lat' dir='ltr'>De·</span> 
     </span>
     <span class='ocr_line' id='line_1_19' title="bbox 215 1815 1187 1894; baseline 0.001 -18"><span class='ocrx_word' id='word_1_147' title='bbox 215 1815 393 1880; x_wconf 90' lang='lat' dir='ltr'>metriadem</span> <span class='ocrx_word' id='word_1_148' title='bbox 407 1817 546 1894; x_wconf 88' lang='lat' dir='ltr'>retineri,</span> <span class='ocrx_word' id='word_1_149' title='bbox 568 1821 669 1882; x_wconf 91' lang='lat' dir='ltr'>donec</span> <span class='ocrx_word' id='word_1_150' title='bbox 684 1836 757 1880; x_wconf 86' lang='lat' dir='ltr'>cura</span> <span class='ocrx_word' id='word_1_151' title='bbox 772 1820 811 1881; x_wconf 90' lang='lat' dir='ltr'>de</span> <span class='ocrx_word' id='word_1_152' title='bbox 825 1819 979 1882; x_wconf 89' lang='lat' dir='ltr'>Antiocho</span> <span class='ocrx_word' id='word_1_153' title='bbox 995 1819 1187 1882; x_wconf 85' lang='lat' dir='ltr'>decessisset</span> 
     </span>
    </p>

    <p class='ocr_par' dir='ltr' id='par_1_4' title="bbox 207 1901 1188 3578">
     <span class='ocr_line' id='line_1_20' title="bbox 299 1901 1188 1978; baseline -0.002 -14"><span class='ocrx_word' id='word_1_154' title='bbox 299 1903 418 1964; x_wconf 87' lang='lat' dir='ltr'><strong>XXXII.</strong></span> <span class='ocrx_word' id='word_1_155' title='bbox 439 1901 634 1965; x_wconf 87' lang='lat' dir='ltr'>Isthmiorum</span> <span class='ocrx_word' id='word_1_156' title='bbox 649 1909 761 1965; x_wconf 87' lang='lat' dir='ltr'>statum</span> <span class='ocrx_word' id='word_1_157' title='bbox 775 1904 926 1967; x_wconf 90' lang='lat' dir='ltr'>ludicrum</span> <span class='ocrx_word' id='word_1_158' title='bbox 940 1905 1055 1977; x_wconf 87' lang='lat' dir='ltr'>aderat,</span> <span class='ocrx_word' id='word_1_159' title='bbox 1074 1919 1188 1978; x_wconf 89' lang='lat' dir='ltr'>semper</span> 
     </span>
     <span class='ocr_line' id='line_1_21' title="bbox 216 1985 1188 2064; baseline 0 -16"><span class='ocrx_word' id='word_1_160' title='bbox 216 1986 340 2063; x_wconf 90' lang='lat' dir='ltr'>quidem</span> <span class='ocrx_word' id='word_1_161' title='bbox 355 1995 385 2049; x_wconf 90' lang='lat' dir='ltr'>et</span> <span class='ocrx_word' id='word_1_162' title='bbox 398 1985 475 2048; x_wconf 89' lang='lat' dir='ltr'>alias</span> <span class='ocrx_word' id='word_1_163' title='bbox 490 1989 637 2064; x_wconf 72' lang='lat' dir='ltr'>frequens</span> <span class='ocrx_word' id='word_1_164' title='bbox 653 2004 722 2050; x_wconf 90' lang='lat' dir='ltr'>cum</span> <span class='ocrx_word' id='word_1_165' title='bbox 735 1997 863 2064; x_wconf 90' lang='lat' dir='ltr'>propter</span> <span class='ocrx_word' id='word_1_166' title='bbox 877 1987 1046 2064; x_wconf 89' lang='lat' dir='ltr'>spectaculi</span> <span class='ocrx_word' id='word_1_167' title='bbox 1061 1987 1188 2050; x_wconf 88' lang='lat' dir='ltr'>studium</span> 
     </span>
     <span class='ocr_line' id='line_1_22' title="bbox 214 2069 1187 2148; baseline -0.002 -16"><span class='ocrx_word' id='word_1_168' title='bbox 214 2069 337 2132; x_wconf 89' lang='lat' dir='ltr'>insitum</span> <span class='ocrx_word' id='word_1_169' title='bbox 358 2069 455 2147; x_wconf 87' lang='lat' dir='ltr'>genti,</span> <span class='ocrx_word' id='word_1_170' title='bbox 483 2089 544 2147; x_wconf 93' lang='lat' dir='ltr'>quo</span> <span class='ocrx_word' id='word_1_171' title='bbox 566 2073 733 2133; x_wconf 89' lang='lat' dir='ltr'>certamina</span> <span class='ocrx_word' id='word_1_172' title='bbox 754 2072 853 2134; x_wconf 91' lang='lat' dir='ltr'>omnis</span> <span class='ocrx_word' id='word_1_173' title='bbox 875 2072 998 2148; x_wconf 91' lang='lat' dir='ltr'>generis</span> <span class='ocrx_word' id='word_1_174' title='bbox 1020 2071 1130 2135; x_wconf 89' lang='lat' dir='ltr'>artium</span> <span class='ocrx_word' id='word_1_175' title='bbox 1150 2069 1187 2130; x_wconf 92' lang='lat' dir='ltr'>vi-</span> 
     </span>
     <span class='ocr_line' id='line_1_23' title="bbox 213 2153 1187 2233; baseline 0 -19"><span class='ocrx_word' id='word_1_176' title='bbox 213 2153 355 2230; x_wconf 88' lang='lat' dir='ltr'>riumque</span> <span class='ocrx_word' id='word_1_177' title='bbox 370 2163 400 2216; x_wconf 89' lang='lat' dir='ltr'>et</span> <span class='ocrx_word' id='word_1_178' title='bbox 413 2153 602 2230; x_wconf 85' lang='lat' dir='ltr'>pernicitatis</span> <span class='ocrx_word' id='word_1_179' title='bbox 616 2155 765 2230; x_wconf 90' lang='lat' dir='ltr'>visuntur,</span> <span class='ocrx_word' id='word_1_180' title='bbox 780 2164 844 2218; x_wconf 89' lang='lat' dir='ltr'>tum</span> <span class='ocrx_word' id='word_1_181' title='bbox 856 2157 929 2232; x_wconf 86' lang='lat' dir='ltr'>qula</span> <span class='ocrx_word' id='word_1_182' title='bbox 939 2164 1067 2233; x_wconf 89' lang='lat' dir='ltr'>propter</span> <span class='ocrx_word' id='word_1_183' title='bbox 1082 2172 1187 2232; x_wconf 90' lang='lat' dir='ltr'>oppor-</span> 
     </span>
     <span class='ocr_line' id='line_1_24' title="bbox 214 2237 1187 2314; baseline -0.001 -14"><span class='ocrx_word' id='word_1_184' title='bbox 214 2237 372 2300; x_wconf 92' lang='lat' dir='ltr'>tunitatem</span> <span class='ocrx_word' id='word_1_185' title='bbox 386 2237 447 2300; x_wconf 90' lang='lat' dir='ltr'>loci</span> <span class='ocrx_word' id='word_1_186' title='bbox 461 2255 518 2314; x_wconf 90' lang='lat' dir='ltr'>per</span> <span class='ocrx_word' id='word_1_187' title='bbox 532 2240 594 2300; x_wconf 94' lang='lat' dir='ltr'>duo</span> <span class='ocrx_word' id='word_1_188' title='bbox 611 2238 735 2302; x_wconf 89' lang='lat' dir='ltr'>diversa</span> <span class='ocrx_word' id='word_1_189' title='bbox 748 2239 844 2302; x_wconf 91' lang='lat' dir='ltr'>maria</span> <span class='ocrx_word' id='word_1_190' title='bbox 854 2241 989 2302; x_wconf 92' lang='lat' dir='ltr'>omnium</span> <span class='ocrx_word' id='word_1_191' title='bbox 1002 2256 1106 2302; x_wconf 90' lang='lat' dir='ltr'>rerum</span> <span class='ocrx_word' id='word_1_192' title='bbox 1118 2257 1187 2300; x_wconf 87' lang='lat' dir='ltr'>usus</span> 
     </span>
     <span class='ocr_line' id='line_1_25' title="bbox 214 2320 1187 2399; baseline 0 -17"><span class='ocrx_word' id='word_1_193' title='bbox 214 2320 412 2384; x_wconf 90' lang='lat' dir='ltr'>ministrantis</span> <span class='ocrx_word' id='word_1_194' title='bbox 426 2322 559 2384; x_wconf 89' lang='lat' dir='ltr'>humano</span> <span class='ocrx_word' id='word_1_195' title='bbox 572 2324 677 2399; x_wconf 84' lang='lat' dir='ltr'>generi</span> <span class='ocrx_word' id='word_1_196' title='bbox 689 2322 860 2399; x_wconf 90' lang='lat' dir='ltr'>concilium,</span> <span class='ocrx_word' id='word_1_197' title='bbox 875 2323 971 2386; x_wconf 87' lang='lat' dir='ltr'>Asiae</span> <span class='ocrx_word' id='word_1_198' title='bbox 983 2323 1187 2399; x_wconf 88' lang='lat' dir='ltr'>Graeciaeque</span> 
     </span>
     <span class='ocr_line' id='line_1_26' title="bbox 213 2403 1186 2471; baseline 0 -5"><span class='ocrx_word' id='word_1_199' title='bbox 213 2403 240 2466; x_wconf 92' lang='lat' dir='ltr'>is</span> <span class='ocrx_word' id='word_1_200' title='bbox 261 2413 413 2467; x_wconf 90' lang='lat' dir='ltr'>mercatus</span> <span class='ocrx_word' id='word_1_201' title='bbox 439 2414 519 2468; x_wconf 83' lang='lat' dir='ltr'>erat:</span> <span class='ocrx_word' id='word_1_202' title='bbox 545 2413 608 2469; x_wconf 90' lang='lat' dir='ltr'>tum</span> <span class='ocrx_word' id='word_1_203' title='bbox 629 2425 702 2469; x_wconf 89' lang='lat' dir='ltr'>vero</span> <span class='ocrx_word' id='word_1_204' title='bbox 723 2424 786 2470; x_wconf 93' lang='lat' dir='ltr'>non</span> <span class='ocrx_word' id='word_1_205' title='bbox 807 2409 848 2468; x_wconf 93' lang='lat' dir='ltr'>ad</span> <span class='ocrx_word' id='word_1_206' title='bbox 867 2408 976 2471; x_wconf 91' lang='lat' dir='ltr'>solitos</span> <span class='ocrx_word' id='word_1_207' title='bbox 1000 2411 1093 2470; x_wconf 92' lang='lat' dir='ltr'>modo</span> <span class='ocrx_word' id='word_1_208' title='bbox 1116 2424 1186 2468; x_wconf 89' lang='lat' dir='ltr'>usus</span> 
     </span>
     <span class='ocr_line' id='line_1_27' title="bbox 212 2489 1187 2569; baseline -0.001 -18"><span class='ocrx_word' id='word_1_209' title='bbox 212 2489 574 2566; x_wconf 79' lang='lat' dir='ltr'>undiqueconveneront</span> <span class='ocrx_word' id='word_1_210' title='bbox 590 2493 648 2553; x_wconf 91' lang='lat' dir='ltr'>sed</span> <span class='ocrx_word' id='word_1_211' title='bbox 659 2493 892 2568; x_wconf 88' lang='lat' dir='ltr'>exspectatione</span> <span class='ocrx_word' id='word_1_212' title='bbox 899 2493 1002 2569; x_wconf 90' lang='lat' dir='ltr'>erecti,</span> <span class='ocrx_word' id='word_1_213' title='bbox 1014 2492 1067 2569; x_wconf 87' lang='lat' dir='ltr'>qui</span> <span class='ocrx_word' id='word_1_214' title='bbox 1080 2491 1187 2552; x_wconf 88' lang='lat' dir='ltr'>deinde</span> 
     </span>
     <span class='ocr_line' id='line_1_28' title="bbox 213 2573 1187 2651; baseline -0.002 -15"><span class='ocrx_word' id='word_1_215' title='bbox 213 2581 311 2638; x_wconf 87' lang='lat' dir='ltr'>status</span> <span class='ocrx_word' id='word_1_216' title='bbox 326 2575 445 2636; x_wconf 87' lang='lat' dir='ltr'>iuturus</span> <span class='ocrx_word' id='word_1_217' title='bbox 461 2575 623 2651; x_wconf 84' lang='lat' dir='ltr'>Graeciae,</span> <span class='ocrx_word' id='word_1_218' title='bbox 649 2593 729 2650; x_wconf 90' lang='lat' dir='ltr'>quae</span> <span class='ocrx_word' id='word_1_219' title='bbox 744 2593 801 2638; x_wconf 91' lang='lat' dir='ltr'>sua</span> <span class='ocrx_word' id='word_1_220' title='bbox 816 2577 938 2638; x_wconf 79' lang='lat' dir='ltr'>fortuna</span> <span class='ocrx_word' id='word_1_221' title='bbox 952 2586 1050 2650; x_wconf 88' lang='lat' dir='ltr'>esset,</span> <span class='ocrx_word' id='word_1_222' title='bbox 1066 2575 1119 2637; x_wconf 86' lang='lat' dir='ltr'>alii</span> <span class='ocrx_word' id='word_1_223' title='bbox 1132 2573 1187 2636; x_wconf 85' lang='lat' dir='ltr'>aha</span> 
     </span>
     <span class='ocr_line' id='line_1_29' title="bbox 211 2657 1186 2735; baseline -0.001 -16"><span class='ocrx_word' id='word_1_224' title='bbox 211 2675 274 2720; x_wconf 93' lang='lat' dir='ltr'>non</span> <span class='ocrx_word' id='word_1_225' title='bbox 288 2657 372 2720; x_wconf 88' lang='lat' dir='ltr'>taciti</span> <span class='ocrx_word' id='word_1_226' title='bbox 387 2660 488 2721; x_wconf 89' lang='lat' dir='ltr'>solum</span> <span class='ocrx_word' id='word_1_227' title='bbox 503 2659 708 2735; x_wconf 91' lang='lat' dir='ltr'>opinabantur</span> <span class='ocrx_word' id='word_1_228' title='bbox 726 2661 783 2722; x_wconf 93' lang='lat' dir='ltr'>sed</span> <span class='ocrx_word' id='word_1_229' title='bbox 797 2659 991 2723; x_wconf 90' lang='lat' dir='ltr'>sermonibus</span> <span class='ocrx_word' id='word_1_230' title='bbox 1006 2659 1099 2723; x_wconf 86' lang='lat' dir='ltr'>ctiam</span> <span class='ocrx_word' id='word_1_231' title='bbox 1114 2661 1186 2720; x_wconf 87' lang='lat' dir='ltr'>iere·</span> 
     </span>
     <span class='ocr_line' id='line_1_30' title="bbox 210 2743 1185 2821; baseline 0.001 -19"><span class='ocrx_word' id='word_1_232' title='bbox 210 2744 285 2804; x_wconf 88' lang='lat' dir='ltr'>bant</span> <span class='ocrx_word' id='word_1_233' title='bbox 294 2743 452 2804; x_wconf 88' lang='lat' dir='ltr'>Romanos</span> <span class='ocrx_word' id='word_1_234' title='bbox 464 2744 616 2804; x_wconf 74' lang='lat' dir='ltr'>tacturose</span> <span class='ocrx_word' id='word_1_235' title='bbox 627 2743 680 2803; x_wconf 86' lang='lat' dir='ltr'>vix</span> <span class='ocrx_word' id='word_1_236' title='bbox 693 2743 836 2820; x_wconf 90' lang='lat' dir='ltr'>cuiquam</span> <span class='ocrx_word' id='word_1_237' title='bbox 846 2744 1093 2821; x_wconf 87' lang='lat' dir='ltr'>persuadebatur</span> <span class='ocrx_word' id='word_1_238' title='bbox 1100 2745 1185 2805; x_wconf 80' lang='lat' dir='ltr'>Grae</span> 
     </span>
     <span class='ocr_line' id='line_1_31' title="bbox 212 2824 1187 2906; baseline 0.003 -22"><span class='ocrx_word' id='word_1_239' title='bbox 212 2824 260 2885; x_wconf 89' lang='lat' dir='ltr'>cia</span> <span class='ocrx_word' id='word_1_240' title='bbox 272 2825 354 2886; x_wconf 91' lang='lat' dir='ltr'>omni</span> <span class='ocrx_word' id='word_1_241' title='bbox 365 2841 521 2887; x_wconf 90' lang='lat' dir='ltr'>cessuros.</span> <span class='ocrx_word' id='word_1_242' title='bbox 535 2827 576 2887; x_wconf 91' lang='lat' dir='ltr'>ad</span> <span class='ocrx_word' id='word_1_243' title='bbox 587 2829 795 2902; x_wconf 90' lang='lat' dir='ltr'>spectaculum</span> <span class='ocrx_word' id='word_1_244' title='bbox 806 2832 1022 2902; x_wconf 66' lang='lat' dir='ltr'>consederant</span> <span class='ocrx_word' id='word_1_245' title='bbox 1035 2838 1066 2892; x_wconf 91' lang='lat' dir='ltr'>et</span> <span class='ocrx_word' id='word_1_246' title='bbox 1076 2842 1187 2906; x_wconf 89' lang='lat' dir='ltr'>praeco</span> 
     </span>
     <span class='ocr_line' id='line_1_32' title="bbox 211 2906 1185 2990; baseline 0.003 -22"><span class='ocrx_word' id='word_1_247' title='bbox 211 2923 280 2968; x_wconf 90' lang='lat' dir='ltr'>cum</span> <span class='ocrx_word' id='word_1_248' title='bbox 295 2906 444 2981; x_wconf 88' lang='lat' dir='ltr'>tubicine,</span> <span class='ocrx_word' id='word_1_249' title='bbox 469 2919 586 2972; x_wconf 85' lang='lat' dir='ltr'>ulmos</span> <span class='ocrx_word' id='word_1_250' title='bbox 601 2918 663 2984; x_wconf 92' lang='lat' dir='ltr'>est,</span> <span class='ocrx_word' id='word_1_251' title='bbox 689 2911 720 2972; x_wconf 92' lang='lat' dir='ltr'>in</span> <span class='ocrx_word' id='word_1_252' title='bbox 741 2912 872 2974; x_wconf 87' lang='lat' dir='ltr'>mediam</span> <span class='ocrx_word' id='word_1_253' title='bbox 887 2929 1006 2990; x_wconf 86' lang='lat' dir='ltr'>aream,</span> <span class='ocrx_word' id='word_1_254' title='bbox 1029 2914 1114 2975; x_wconf 89' lang='lat' dir='ltr'>unde</span> <span class='ocrx_word' id='word_1_255' title='bbox 1127 2912 1185 2974; x_wconf 92' lang='lat' dir='ltr'>sol-</span> 
     </span>
     <span class='ocr_line' id='line_1_33' title="bbox 210 2991 1186 3073; baseline 0.002 -21"><span class='ocrx_word' id='word_1_256' title='bbox 210 2991 301 3052; x_wconf 88' lang='lat' dir='ltr'>lemni</span> <span class='ocrx_word' id='word_1_257' title='bbox 322 2991 456 3054; x_wconf 86' lang='lat' dir='ltr'>carmine</span> <span class='ocrx_word' id='word_1_258' title='bbox 470 2993 621 3055; x_wconf 89' lang='lat' dir='ltr'>ludicmm</span> <span class='ocrx_word' id='word_1_259' title='bbox 635 2993 729 3058; x_wconf 94' lang='lat' dir='ltr'>indici</span> <span class='ocrx_word' id='word_1_260' title='bbox 750 2999 844 3071; x_wconf 90' lang='lat' dir='ltr'>solet,</span> <span class='ocrx_word' id='word_1_261' title='bbox 871 2997 1039 3073; x_wconf 90' lang='lat' dir='ltr'>processit,</span> <span class='ocrx_word' id='word_1_262' title='bbox 1067 3005 1098 3060; x_wconf 92' lang='lat' dir='ltr'>et</span> <span class='ocrx_word' id='word_1_263' title='bbox 1117 2996 1186 3058; x_wconf 87' lang='lat' dir='ltr'>tuba</span> 
     </span>
     <span class='ocr_line' id='line_1_34' title="bbox 210 3073 1185 3156; baseline 0.002 -19"><span class='ocrx_word' id='word_1_264' title='bbox 210 3073 330 3138; x_wconf 90' lang='lat' dir='ltr'>silentio</span> <span class='ocrx_word' id='word_1_265' title='bbox 346 3077 426 3140; x_wconf 90' lang='lat' dir='ltr'>iacto</span> <span class='ocrx_word' id='word_1_266' title='bbox 442 3075 484 3139; x_wconf 90' lang='lat' dir='ltr'>ita</span> <span class='ocrx_word' id='word_1_267' title='bbox 495 3078 672 3154; x_wconf 87' lang='lat' dir='ltr'>pronuntiat</span> <span class='ocrx_word' id='word_1_268' title='bbox 686 3089 832 3155; x_wconf 85' lang='lat' dir='ltr'>„senatus</span> <span class='ocrx_word' id='word_1_269' title='bbox 844 3083 1002 3144; x_wconf 89' lang='lat' dir='ltr'>Romanus</span> <span class='ocrx_word' id='word_1_270' title='bbox 1015 3091 1046 3144; x_wconf 90' lang='lat' dir='ltr'>et</span> <span class='ocrx_word' id='word_1_271' title='bbox 1055 3083 1087 3142; x_wconf 89' lang='grc' dir='ltr'>Τ.</span> <span class='ocrx_word' id='word_1_272' title='bbox 1096 3080 1185 3156; x_wconf 84' lang='lat' dir='ltr'>Quin-</span> 
     </span>
     <span class='ocr_line' id='line_1_35' title="bbox 209 3159 1185 3244; baseline 0.003 -23"><span class='ocrx_word' id='word_1_273' title='bbox 209 3159 288 3222; x_wconf 90' lang='lat' dir='ltr'>ctius</span> <span class='ocrx_word' id='word_1_274' title='bbox 308 3159 475 3237; x_wconf 90' lang='lat' dir='ltr'>imperator</span> <span class='ocrx_word' id='word_1_275' title='bbox 492 3162 633 3240; x_wconf 89' lang='lat' dir='ltr'>Philippo</span> <span class='ocrx_word' id='word_1_276' title='bbox 654 3181 728 3240; x_wconf 86' lang='lat' dir='ltr'>rege</span> <span class='ocrx_word' id='word_1_277' title='bbox 748 3165 1035 3244; x_wconf 86' lang='lat' dir='ltr'>Macedonibusque</span> <span class='ocrx_word' id='word_1_278' title='bbox 1057 3164 1185 3228; x_wconf 88' lang='lat' dir='ltr'>devictis</span> 
     </span>
     <span class='ocr_line' id='line_1_36' title="bbox 208 3243 1185 3324; baseline 0.004 -20"><span class='ocrx_word' id='word_1_279' title='bbox 208 3243 331 3318; x_wconf 89' lang='lat' dir='ltr'>liberos,</span> <span class='ocrx_word' id='word_1_280' title='bbox 347 3243 507 3323; x_wconf 81' lang='lat' dir='ltr'>inmunes,</span> <span class='ocrx_word' id='word_1_281' title='bbox 523 3246 588 3309; x_wconf 90' lang='lat' dir='ltr'>suis</span> <span class='ocrx_word' id='word_1_282' title='bbox 603 3247 723 3324; x_wconf 90' lang='lat' dir='ltr'>legibus</span> <span class='ocrx_word' id='word_1_283' title='bbox 739 3265 811 3311; x_wconf 89' lang='lat' dir='ltr'>esse</span> <span class='ocrx_word' id='word_1_284' title='bbox 827 3249 910 3313; x_wconf 90' lang='lat' dir='ltr'>iubet</span> <span class='ocrx_word' id='word_1_285' title='bbox 922 3249 1095 3313; x_wconf 81' lang='lat' dir='ltr'>corinthios</span> <span class='ocrx_word' id='word_1_286' title='bbox 1108 3249 1185 3310; x_wconf 88' lang='lat' dir='ltr'>Pbo-</span> 
     </span>
     <span class='ocr_line' id='line_1_37' title="bbox 208 3329 1185 3408; baseline 0.002 -18"><span class='ocrx_word' id='word_1_287' title='bbox 208 3345 320 3392; x_wconf 89' lang='lat' dir='ltr'>censes</span> <span class='ocrx_word' id='word_1_288' title='bbox 333 3329 570 3408; x_wconf 86' lang='lat' dir='ltr'>Locrensesque</span> <span class='ocrx_word' id='word_1_289' title='bbox 591 3331 691 3395; x_wconf 92' lang='lat' dir='ltr'>omnis</span> <span class='ocrx_word' id='word_1_290' title='bbox 706 3341 736 3395; x_wconf 89' lang='lat' dir='ltr'>et</span> <span class='ocrx_word' id='word_1_291' title='bbox 750 3332 882 3396; x_wconf 89' lang='lat' dir='ltr'>insulam</span> <span class='ocrx_word' id='word_1_292' title='bbox 896 3335 1055 3397; x_wconf 76' lang='lat' dir='ltr'>Euboeam</span> <span class='ocrx_word' id='word_1_293' title='bbox 1075 3341 1106 3396; x_wconf 90' lang='lat' dir='ltr'>et</span> <span class='ocrx_word' id='word_1_294' title='bbox 1121 3331 1185 3394; x_wconf 84' lang='lat' dir='ltr'>Ita-</span> 
     </span>
     <span class='ocr_line' id='line_1_38' title="bbox 207 3412 1183 3492; baseline 0.001 -19"><span class='ocrx_word' id='word_1_295' title='bbox 207 3420 325 3489; x_wconf 88' lang='lat' dir='ltr'>gnetas,</span> <span class='ocrx_word' id='word_1_296' title='bbox 338 3412 521 3488; x_wconf 78' lang='lat' dir='ltr'>thessalos,</span> <span class='ocrx_word' id='word_1_297' title='bbox 535 3415 736 3492; x_wconf 89' lang='lat' dir='ltr'>Perrhaebos,</span> <span class='ocrx_word' id='word_1_298' title='bbox 751 3419 895 3482; x_wconf 86' lang='lat' dir='ltr'>Achaeos</span> <span class='ocrx_word' id='word_1_299' title='bbox 906 3417 1096 3480; x_wconf 85' lang='lat' dir='ltr'>Phthiotas.“</span> <span class='ocrx_word' id='word_1_300' title='bbox 1115 3431 1183 3492; x_wconf 88' lang='lat' dir='ltr'>per-</span> 
     </span>
     <span class='ocr_line' id='line_1_39' title="bbox 208 3495 1185 3578; baseline 0.01 -25"><span class='ocrx_word' id='word_1_301' title='bbox 208 3504 373 3558; x_wconf 87' lang='lat' dir='ltr'>censuerat</span> <span class='ocrx_word' id='word_1_302' title='bbox 393 3497 492 3560; x_wconf 89' lang='lat' dir='ltr'>omnis</span> <span class='ocrx_word' id='word_1_303' title='bbox 513 3499 629 3575; x_wconf 88' lang='lat' dir='ltr'>gentis,</span> <span class='ocrx_word' id='word_1_304' title='bbox 651 3515 731 3576; x_wconf 87' lang='lat' dir='ltr'>quae</span> <span class='ocrx_word' id='word_1_305' title='bbox 746 3501 804 3563; x_wconf 88' lang='lat' dir='ltr'>sub</span> <span class='ocrx_word' id='word_1_306' title='bbox 820 3501 941 3566; x_wconf 84' lang='lat' dir='ltr'>dIcione</span> <span class='ocrx_word' id='word_1_307' title='bbox 955 3501 1087 3578; x_wconf 86' lang='lat' dir='ltr'>Philippi</span> <span class='ocrx_word' id='word_1_308' title='bbox 1100 3495 1185 3575; x_wconf 84' lang='lat' dir='ltr'>regis</span> 
     </span>
    </p>
   </div>
   <div class='ocr_carea' id='block_1_4' title="bbox 0 0 1246 3895">
    <p class='ocr_par' dir='ltr' id='par_1_5' title="bbox 0 0 1246 3895">
     <span class='ocr_line' id='line_1_40' title="bbox 0 0 1246 3895; baseline 0 0"><span class='ocrx_word' id='word_1_309' title='bbox 0 0 1246 3895; x_wconf 95' lang='lat' dir='ltr'> </span> 
     </span>
    </p>
   </div>
  </div>
 </body>
</html>
