2482 3900
182 228 225 291 44
329 227 445 288 LlBER
459 226 563 286 XXXI.
590 225 673 286 CAP.
689 233 732 288 te.
745 232 789 287 49.
813 230 850 298 [a.
862 229 899 286 U.
910 245 935 283 e.
947 231 1010 298 552]

175 389 303 456 tumque
319 393 441 455 pugnae
455 377 589 452 spectari
604 375 726 436 debere.
756 375 844 436 lusos
859 389 1034 450 caesosque
1048 372 1159 451 hostis,

179 471 281 527 castra
301 472 392 538 capta
416 477 454 522 ac
475 461 609 536 direpta,
635 457 785 521 coloniam
806 457 966 521 liberatum
986 458 1160 535 obsidione,

176 548 300 610 alterius
322 545 462 608 coloniae
477 546 616 620 captivos
631 547 832 619 recuperatos
846 543 1069 618 rosatumsoue
1080 544 1161 620 suis,

176 633 359 693 debellatum
382 645 444 690 uno
470 629 588 704 proelio
612 641 694 688 esse.
729 642 791 690 non
816 625 957 690 homines
980 632 1098 692 mutua
1123 643 1162 688 ea

175 715 303 776 victoria
321 717 466 787 laetatos,
487 713 544 774 sed
565 711 624 772 diis
645 727 771 787 quoque
790 709 1011 773 immortalibus
1031 726 1088 785 per
1107 712 1161 770 tri·
1228 775 1229 796 χ

176 799 270 860 duum
286 798 528 875 supplicationes
543 796 677 870 habitas,
700 796 785 871 quod
799 794 879 856 bene
892 809 930 855 oc
945 793 1081 870 feliciter,
1096 811 1160 857 non
1228 797 1229 860 ἴ

176 883 261 958 quod
286 883 365 942 male
384 897 422 944 ec
442 889 558 942 temere
580 894 632 940 res
659 879 782 955 publica
805 895 826 938 a
843 878 877 940 L.
897 877 990 940 Furio
1015 885 1161 953 praetore

175 975 265 1042 gesta
278 971 372 1026 esset
405 966 477 1026 dala
489 965 552 1025 lato
567 961 658 1023 etiam
673 962 931 1039 quodamFuriae
945 961 1028 1036 uenti
1043 961 1159 1031 Gallica

174 1049 264 1110 bella.
292 1049 394 1110 XLIX.
414 1047 643 1123 huius-generis
659 1047 849 1109 orationibus
863 1045 962 1121 ipsius
977 1045 1159 1112 amicorum-

176 1149 236 1210 que
249 1134 331 1196 victa
342 1141 393 1194 est
406 1132 578 1208 praesentis
593 1132 690 1206 gratio
702 1129 854 1206 praetoris
869 1129 1007 1193 absentis
1018 1132 1160 1192 consulis

175 1217 339 1287 molestam
353 1217 603 1292 triumphumque
615 1211 933 1291 nmquemestmnio
944 1213 1158 1277 decreverunt.

175 1301 373 1379 triumphavit
391 1302 432 1362 de
446 1301 541 1361 Gallis
555 1300 586 1360 iu
601 1300 779 1375 magistratu
792 1298 826 1357 L.
840 1296 951 1362 Furius
965 1305 1106 1374 praetor,
1130 1308 1161 1360 et

174 1386 204 1446 in
219 1386 368 1446 aerarium
387 1385 455 1449 tulit
465 1391 603 1445 trecenta
616 1383 721 1458 viginti
736 1381 818 1446 milia
833 1382 932 1454 aeris,
950 1382 1071 1456 urgenti
1085 1397 1151 1445 cen

174 1477 238 1531 tum
259 1469 341 1532 milia
362 1468 528 1544 quingenta
545 1467 659 1542 pondo.
694 1482 794 1542 neque
809 1465 920 1542 captivi
934 1466 989 1529 ulli
1000 1472 1154 1530 ¹antecur-

173 1566 240 1614 rum
262 1553 360 1625 ducti,
381 1566 483 1626 neque
503 1551 604 1625 spolia
624 1552 775 1624 praelate,
797 1564 898 1626 neque
919 1549 1030 1612 milites
1048 1551 1158 1613 secuti.

177 1635 278 1697 omnia
292 1642 414 1711 praeter
430 1634 589 1695 victoriam
604 1649 702 1708 penes
717 1635 877 1696 consulem
891 1648 963 1697 esse
976 1633 1158 1709 apparebat

258 1719 336 1780 Ludi
356 1718 468 1779 deinde
482 1735 502 1778 o
514 1717 547 1776 P.
563 1717 703 1778 Cornelio
719 1716 879 1794 Scipione,
902 1733 982 1792 quos
1000 1721 1113 1781 consul
1127 1718 1159 1778 in

173 1803 279 1863 Alrica
292 1809 427 1878 voverat,
442 1818 553 1878 magno
568 1809 720 1880 apparatu
733 1802 814 1864 iacti.
836 1808 867 1865 et
880 1801 920 1862 (le
933 1801 1015 1876 egris
1028 1801 1158 1864 militum

173 1887 240 1947 eius
256 1888 427 1962 decretum,
445 1893 478 1947 ut
491 1894 567 1962 quot
581 1887 715 1963 quisque
729 1901 835 1948 eorum
849 1885 992 1952 annosin
1006 1885 1160 1961 Hispania

174 1977 227 2032 aut
246 1971 275 2031 in
296 1971 401 2031 Africa
426 1969 599 2045 militasset,
625 1970 655 2030 in
677 1971 815 2046 angueos
836 1986 936 2033 annos
958 1967 1030 2033 bina
1050 1970 1159 2045 iugera

174 2055 239 2130 agn·
254 2056 423 2132 acciperem
437 2070 508 2116 eum
522 2069 630 2130 agrum
642 2055 750 2116 decem
761 2052 818 2116 viri
829 2053 1038 2129 adsignarent.
1054 2055 1158 2114 trium·

172 2139 231 2199 viri
258 2139 329 2200 item
358 2141 452 2200 creati
476 2139 517 2198 ad
545 2139 750 2214 supplendum
778 2137 947 2200 Venusinis
976 2139 1159 2200 colonorum
1231 2179 1232 2208 ι

172 2237 348 2298 numerum,
375 2223 461 2298 quod
486 2222 567 2283 bello
587 2223 767 2284 Hannibalis
792 2227 964 2286 attenuatae
983 2221 1067 2282 vires
1086 2221 1159 2284 eius
1231 2223 1232 2230 ’

173 2306 313 2368 coloniae
335 2312 433 2382 erant,
460 2306 490 2368 c.
514 2307 672 2368 Terentius
694 2308 793 2368 Varro
814 2307 847 2368 Τ.
869 2305 1025 2380 Quinctius
1045 2305 1157 2368 Flami-

172 2391 264 2452 ninus
284 2390 316 2452 P.
332 2390 491 2452 Cornelius
513 2391 565 2452 cn.
585 2391 618 2452 F.
634 2390 749 2466 Scipio.
786 2391 818 2450 hi
839 2391 967 2453 colonos
986 2389 1159 2451 Venusiam

172 2473 415 2550 adscripserunt

255 2557 372 2620 Eodem
393 2576 475 2620 anno
496 2559 527 2620 c.
545 2560 703 2620 cornelius
724 2557 894 2634 cethegus,
916 2558 969 2634 qui
986 2559 1160 2634 proconsul

171 2641 351 2718 Hispaniam
365 2644 529 2718 obtinebat,
543 2659 687 2719 magnum
700 2642 837 2707 hosfium
850 2643 1018 2704 exercituum
1033 2643 1065 2704 in
1080 2657 1159 2718 agro

174 2723 330 2787 Sedetano
352 2727 438 2787 fudit.
474 2727 648 2802 quindecim
664 2726 747 2788 milio
759 2727 968 2803 Hispanorum
982 2742 1019 2788 eo
1035 2725 1159 2802 proelio

172 2808 314 2870 dicuntur
328 2825 429 2883 caesa,
446 2810 534 2884 signa
548 2810 689 2870 militaria
703 2817 793 2885 capto
807 2817 877 2874 octo
892 2817 923 2872 et
935 2811 1144 2886 septuaginta.

257 2892 287 2953 c.
302 2894 448 2954 Aurelius
470 2894 579 2954 consul
599 2909 669 2954 cum
686 2908 725 2954 ex
743 2895 905 2969 provincia
917 2894 1047 2957 Romam
1060 2895 1158 2957 corni-

170 2973 281 3037 tiorum
299 2991 396 3038 causa
408 2978 561 3050 venisset,
580 2993 646 3038 non
659 2977 693 3038 id
708 2979 794 3053 quod
808 2979 916 3042 animis
931 2985 1159 3055 praeceperant

172 3067 299 3136 questus
314 3068 370 3134 est,
385 3079 448 3123 non
463 3067 676 3138 exspectatum
686 3077 722 3124 se
732 3063 772 3122 ab
784 3069 903 3138 senam,
917 3078 1020 3139 neque
1030 3063 1157 3138 discep-

170 3145 254 3206 tandi
278 3161 348 3210 cum
373 3154 516 3223 praetore
537 3147 657 3208 consuli
678 3153 863 3222 potestatem
882 3149 1009 3221 sacam,
1035 3147 1094 3208 sed
1113 3147 1158 3207 ita

170 3229 355 3308 triumphum
381 3232 528 3294 decresse
550 3237 707 3306 senatum,
732 3239 766 3293 ut
789 3231 901 3294 nullius
925 3230 985 3294 nisi
1004 3230 1079 3292 eius
1100 3231 1157 3306 ιιιιί

169 3314 409 3391 triumphaturus
421 3322 518 3392 esset,
533 3324 563 3378 et
577 3333 639 3378 non
651 3331 756 3378 eorum
772 3315 826 3392 qm
839 3315 920 3378 bello
935 3313 1156 3393 interfuissent,

169 3398 266 3459 verba
280 3400 408 3462 audiet.
440 3401 574 3462 maiores
588 3401 659 3462 ideo
673 3400 852 3476 instituIsse,
867 3406 901 3462 ut
914 3398 1014 3476 legati,
1030 3398 1156 3472 tribuni,

170 3482 380 3556 centuriones,
402 3485 512 3546 milites
528 3485 664 3562 denique
676 3483 830 3560 triumpho
845 3484 1006 3557 adessent,
1026 3489 1061 3546 ut
1072 3481 1154 3542 veri·
