2506 3898
260 184 374 245 LtBER
388 185 549 246 xihiVlll.
573 184 656 244 clip.
672 195 714 246 15.
730 193 771 246 ra.
794 191 829 257 [a.
843 189 875 240 c.
889 189 950 256 rao]
1035 183 1097 246 331

117 335 190 396 inde
211 333 242 394 in
267 341 374 409 agrum
395 333 633 410 Sagalassenum
660 335 783 395 uberem
806 335 995 411 fertilemque
1016 334 1096 397 omni

116 435 233 493 genere
253 419 372 492 frugum
393 425 515 479 ventum
531 426 587 478 cst.
621 419 723 478 colunt
736 417 872 492 Pisidae,
886 420 978 494 longe
993 419 1096 494 optimi

116 503 198 564 hello
213 503 348 577 regionis
364 503 440 565 eius.
469 519 538 562 eum
553 517 590 561 ea
604 519 654 562 res
669 501 787 564 animos
802 503 882 575 iacit,
897 509 960 564 tum
975 503 1040 576 agri
1050 504 1097 564 le-

117 587 259 646 eunditas
281 593 311 646 et
325 585 483 668 multitudo
504 585 660 646 hominum
674 594 705 646 et
718 586 795 646 situs
810 584 888 646 inter
903 601 1018 662 paucas
1033 602 1097 645 mu·

117 671 199 730 nitae
220 670 315 730 urhis.
354 670 477 743 consul,
500 669 572 744 quia
589 670 673 730 nulla
687 669 796 744 legatio
812 669 959 732 adfinem
973 678 1097 744 praesto

117 754 225 828 luerat,
241 753 419 828 praedatum
433 752 464 813 in
479 767 572 828 agros
587 753 677 816 misit.
703 761 766 813 tum
781 753 904 814 demum
918 755 1014 814 fracta
1028 769 1097 828 per·

115 838 229 898 tinacia
243 844 298 909 est,
313 845 346 896 ut
361 838 432 896 seni
447 837 559 912 agique
572 853 624 897 res
640 853 714 898 suas
728 837 878 898 viderunt.
904 837 1011 912 legatis
1026 835 1098 896 mis·

116 923 162 981 sis
175 920 255 996 pacti
264 920 484 996 quinquaginta
494 921 614 981 talentis
622 928 653 980 et
663 919 769 994 viginti
779 919 901 982 milibus
913 921 1098 980 medimnum

115 1005 222 1078 tritici,
244 1004 349 1079 viginti
363 1004 485 1075 hordei,
509 1019 618 1078 paoem
631 1003 878 1079 impetraverunt.
910 1019 1097 1080 progressus

116 1089 189 1148 inde
205 1088 244 1148 ad
253 1088 419 1149 Rhotrinos
431 1089 540 1160 lentes,
557 1089 597 1148 ad
610 1089 707 1148 vicum
720 1102 810 1162 quern
821 1088 972 1148 Aearidos
985 1089 1098 1148 Comen

115 1179 229 1232 vocant
252 1171 357 1248 posuit
377 1178 488 1232 castra.
525 1187 563 1231 eo
586 1169 735 1232 Seleucus
756 1169 794 1230 ab
814 1172 952 1246 Apamea
972 1178 1097 1247 postero

116 1257 167 1316 die
188 1256 278 1316 venit.
315 1271 426 1330 aegros
441 1255 513 1316 inde
528 1261 558 1314 et
572 1255 687 1316 inutilia
701 1255 916 1330 impedimenta
931 1271 1000 1318 cum
1015 1256 1098 1330 Apa·

115 1354 215 1400 meam
236 1339 417 1414 dimisisset,
439 1338 569 1403 ducibus
589 1337 729 1399 itinerum
749 1339 788 1398 aa
809 1337 940 1400 Seleuco
962 1340 1097 1414 acceptis

115 1425 274 1499 profectus
289 1439 327 1484 eo
343 1422 393 1482 die
408 1424 438 1482 in
452 1423 721 1500 Metropolitanum
735 1439 891 1498 eampum,
907 1429 1033 1498 postero
1049 1423 1098 1482 die

115 1506 379 1584 DiniasPhrygiae
391 1507 553 1582 processit.
567 1505 795 1586 indeSynnada
805 1507 896 1578 venit,
909 1514 992 1568 metu
1003 1507 1098 1566 omni-

115 1592 175 1653 hus
202 1591 283 1652 eirca
308 1591 432 1666 oppidis
453 1591 594 1651 desertis.
633 1605 763 1666 quorum
785 1591 902 1666 praeda
924 1591 1098 1665 lantgrave

115 1690 226 1750 agmen
247 1675 373 1751 trahens
393 1675 446 1734 vix
467 1673 603 1748 quinque
624 1674 739 1736 milium
760 1675 810 1734 dic
825 1681 889 1735 toto
904 1674 1011 1735 itincre
1027 1689 1096 1748 per·

115 1760 197 1818 lecto
213 1758 253 1818 ad
264 1757 399 1828 Beudos,
417 1756 598 1831 quodvetus
615 1758 778 1832 appellant,
794 1759 942 1832 pervenit.
965 1757 1005 1817 ad
1016 1759 1097 1818 Ana·

119 1833 196 1901 hura
216 1841 302 1913 inde,
326 1841 464 1900 etaltera
481 1839 530 1898 die
546 1840 585 1898 ad
600 1841 727 1899 Alandri
741 1842 856 1910 sontes,
878 1842 965 1901 tertio
981 1841 1021 1900 ad
1035 1841 1097 1900 Ab·

118 1923 255 1984 bassium
270 1925 374 1998 posuit
388 1931 499 1982 castra.
520 1922 561 1981 ibi
577 1925 680 1998 plures
698 1923 764 1983 dies
777 1923 887 1982 stativa
897 1923 1011 1998 habuit,
1028 1924 1099 2000 quia
1194 2006 1198 2010 ἡ

117 2015 299 2086 perventum
315 2014 380 2068 erat
394 2007 434 2066 ad
448 2005 727 2082 Tolistobogiorum
740 2007 829 2066 fines.

201 2093 280 2152 XVI.
303 2091 341 2152 Hi
356 2090 448 2164 Galli,
469 2106 580 2164 magna
594 2089 750 2152 hominum
764 2090 826 2162 vis,
843 2105 900 2151 seu
914 2089 1019 2168 inopia
1034 2093 1098 2165 agri

117 2193 174 2237 seu
196 2177 328 2252 praedae
349 2191 421 2250 spe,
444 2174 556 2234 nullam
577 2183 713 2249 gentem,
734 2191 791 2251 per
806 2190 884 2250 quas
898 2171 969 2234 ituri
983 2183 1097 2247 essent,

118 2275 223 2336 parem
237 2259 330 2321 armis
344 2260 415 2332 rati,
430 2259 553 2320 Brenno
569 2259 648 2318 duee
662 2258 693 2318 in
706 2259 868 2320 Dardanos
884 2265 1097 2334 pervenerunt.

118 2344 158 2404 ihi
174 2345 283 2404 seditio
299 2351 373 2420 orta,
394 2351 425 2403 et
439 2343 479 2402 ad
493 2339 600 2416 viginti
613 2342 696 2401 milia
709 2341 866 2403 hominum
882 2359 950 2402 cum
964 2343 1097 2404 Lonorio

118 2443 153 2487 ac
168 2428 290 2492 Lutario
305 2426 419 2501 regulis
436 2425 615 2486 secessione
630 2426 710 2484 tacta
724 2441 742 2484 a
755 2426 878 2484 Brenno
893 2425 923 2483 in
938 2424 1097 2485 Thraciam

117 2519 175 2572 tter
189 2519 336 2572 avertunt.
359 2509 412 2570 uhi
427 2525 495 2570 eum
509 2507 721 2568 resistentibus
733 2507 909 2582 pugnando,
925 2523 1032 2582 paoem
1045 2524 1097 2582 pe-

116 2595 251 2656 tentibus
266 2595 450 2670 stipendium
464 2591 650 2667 imponendo
661 2591 843 2668 Byzantium
857 2605 925 2650 oum
940 2591 1097 2664 pervenis-

117 2687 201 2750 sent,
224 2677 410 2754 aliquandiu
434 2691 518 2736 oram
537 2675 735 2750 Propontidis
754 2673 934 2748 vectigalem
955 2673 1096 2734 habendo

116 2762 252 2837 regionis
265 2762 331 2822 eius
344 2761 436 2823 urbes
449 2759 651 2820 obtinuerunt.
674 2757 786 2834 cupido
798 2758 869 2818 inde
881 2773 936 2818 eos
950 2757 980 2816 in
991 2756 1098 2818 Asiam

116 2845 310 2919 transeundi,
333 2843 482 2905 audientis
498 2857 537 2902 cx
552 2844 742 2920 propinquo,
765 2848 878 2918 quanta
891 2841 1016 2904 ubertas
1031 2842 1097 2902 eius

117 2938 218 2990 terrae
238 2937 336 3000 esset,
362 2928 457 3003 cepit;
480 2934 510 2986 et
525 2925 720 3006 Lysimachia
741 2927 848 2989 fraude
863 2933 953 3002 capta
968 2925 1097 2987 Cherso-

118 3013 362 3088 nesoque‘omni
382 3009 473 3072 armis
495 3025 645 3086 possessa
666 3011 705 3070 ad
718 3010 950 3086 Hellespontum
968 3011 1097 3070 descen·

118 3098 237 3156 derunt.
270 3096 311 3156 ibi
325 3111 399 3156 vero
416 3095 526 3168 exiguo
542 3094 673 3154 divisam
687 3095 765 3156 freto
781 3095 976 3155 cernentibus
990 3093 1097 3154 Asiam

118 3181 212 3240 multo
233 3179 331 3254 magis
354 3178 446 3238 animi
461 3179 501 3238 ad
515 3177 735 3239 transeundum
749 3177 888 3246 accensi,
911 3174 1097 3250 nuntiosque

117 3262 156 3322 ad
168 3263 361 3338 Antipatrum
375 3263 563 3338 praelectum
577 3261 643 3322 eius
655 3277 728 3322 orae
740 3261 779 3320 de
790 3259 918 3320 transitu
929 3258 1096 3320 mittebant.
1207 3303 1209 3307 .

118 3363 265 3422 quaeres
281 3363 348 3408 cum
363 3346 473 3407 lentius
489 3361 547 3420 spe
561 3345 699 3421 ipsorum
714 3344 899 3417 traheretur,
915 3342 974 3402 alia
988 3358 1096 3405 rursus

117 3445 200 3490 nova
215 3431 292 3492 inter
306 3429 430 3503 regulos
447 3429 556 3488 seditio
573 3437 639 3490 orta
653 3436 710 3490 est.
742 3425 892 3488 Lonorius
907 3433 998 3498 retro,
1015 3427 1097 3488 unde
