2482 3902
230 225 347 286 LIBER
360 225 492 288 XXXIII.
516 228 716 292 CAP.16.17.
746 235 905 305 [accam
1022 233 1063 298 97

79 373 235 442 silentium
254 393 328 440 mox
348 395 368 440 a
387 377 575 440 verecundia
590 378 680 442 simut
695 378 843 458 pristinae
859 381 1015 458 dignitatis
1027 399 1065 446 ac

77 460 292 527 misericordia
302 462 476 540 praesentis
488 464 629 528 fortunae
642 473 741 528 ortum
753 474 809 529 ost.
823 474 977 544 potestate
989 486 1064 546 quo-

78 562 140 624 que
155 544 281 611 dcendi
295 548 377 609 iacta
389 546 542 626 principio
556 549 745 626 suppliciter,
760 552 951 628 procedente
963 561 1066 616 autem

77 630 234 706 oratione,
250 629 358 717 ubipo
373 630 502 700 crimina
515 631 661 696 diluenda
675 642 799 701 ventum
814 641 877 712 est,
898 653 968 698 cum
983 644 1067 700 unta

76 714 194 779 fiducia
210 721 355 791 quantam
369 715 546 781 innocentia
557 717 650 783 dabat
660 717 888 792 disserueram
904 729 1064 798 postremo

76 801 158 862 ultro
173 799 294 875 aliquid
309 797 399 864 ctiam
414 799 502 877 queri
514 809 544 863 et
555 801 706 878 castigare
720 801 911 882 iniquitatem
927 805 1019 868 simul
1033 805 1065 866 in

78 900 112 946 se
128 883 406 960 crudelitatemque
419 884 488 948 ausi
501 885 544 948 ita
558 887 740 951 adiecerunt
753 887 889 963 animos,
911 897 944 951 ut
964 887 1067 953 omnia

78 984 159 1044 quac
174 967 208 1031 in
222 983 279 1036 eos
295 969 419 1034 decreta
433 978 519 1031 erant
533 971 711 1047 trequentes
733 972 888 1047 tollerent,
909 989 1012 1052 neque
1027 990 1065 1036 eo

77 1051 181 1114 minus
202 1051 395 1116 redeundum
415 1054 447 1114 in
462 1053 642 1118 societatem
661 1053 793 1132 Philippi
807 1057 1065 1134 abnuendamque

77 1137 289 1201 Romanorum
302 1135 466 1200 amicitiam
481 1145 653 1200 censerent.

162 1221 258 1284 XVII.
279 1221 424 1284 Leueade
439 1223 517 1284 haec
533 1229 605 1284 sunt
620 1223 752 1284 decreta.
774 1219 807 1282 id
822 1229 915 1300 caput
928 1225 1065 1286 Acarna·

77 1308 150 1368 niae
164 1314 239 1378 erat,
255 1322 357 1381 eoque
371 1306 404 1368 in
418 1306 583 1372 concilium
595 1322 703 1368 omnes
713 1306 1057 1384 populiconvenicbant

76 1391 185 1467 itaque
201 1406 270 1454 cum
284 1390 362 1452 haec
376 1390 537 1466 repentina
551 1390 677 1455 mutatio
694 1389 861 1470 Corcyram
876 1393 917 1454 ad
931 1392 1066 1468 legatum

76 1474 281 1539 Fiantiuinum
295 1477 415 1550 perlata
425 1481 518 1547 essct,
535 1476 690 1553 extemplo
706 1491 777 1541 cum
791 1476 893 1538 classe
906 1477 1067 1554 proiectus

76 1558 254 1627 Leucadem
265 1559 306 1622 ad
316 1560 468 1623 Heraeum
479 1560 564 1636 quod
578 1567 692 1625 vocant
702 1575 800 1626 naves
814 1560 972 1641 applicuit.
995 1560 1068 1622 inde

78 1659 150 1706 cum
165 1642 250 1707 orani
263 1658 379 1718 ganoro
400 1650 622 1710 tormentorum
641 1643 929 1722 machinarumque,
954 1645 1067 1720 quibus

77 1735 297 1804 expugnantur
310 1727 415 1802 orbos,
429 1728 471 1798 ad
484 1744 589 1794 moros
604 1727 753 1808 accessit,
771 1729 812 1792 ad
825 1730 956 1806 primurn
970 1736 1067 1792 terro-

76 1829 144 1876 rem
157 1819 245 1876 ratus
258 1810 398 1880 Inclinari
413 1807 533 1877 animos
554 1824 662 1887 posse.
696 1819 861 1890 postquam
876 1813 978 1890 pacati
992 1813 1068 1874 nihii

77 1895 315 1971 ostendebatur,
342 1905 407 1961 tum
430 1893 539 1960 vincas
566 1903 730 1974 turresque
751 1895 870 1976 erigere
891 1905 921 1959 et
941 1897 1067 1960 arietem

76 1981 248 2044 admovere
261 1980 357 2050 muris
372 1979 485 2056 coepit.
520 1979 695 2048 Acarnania
716 1979 861 2047 universa
880 1980 960 2044 inter
973 1983 1067 2044 Aeto-

76 2065 150 2128 liam
167 2072 263 2141 atquo
275 2064 401 2142 Epirum
415 2063 520 2141 posita
535 2065 634 2129 sotem
650 2063 843 2135 occidentem
862 2073 894 2128 et
914 2081 999 2127 mare
1020 2063 1067 2128 Si-

77 2153 184 2214 cuium
198 2155 327 2226 spectat.
363 2149 520 2218 Leucadia
533 2165 615 2210 nunc
629 2149 730 2212 Insula
751 2157 814 2224 est,
835 2150 956 2220 vadoso
978 2151 1067 2222 irato,

78 2235 165 2310 quod
177 2235 356 2311 periossum
367 2250 460 2297 manu
467 2240 523 2308 est,
535 2234 574 2294 ab
581 2232 758 2302 Acarnania
768 2231 884 2297 divisa:
897 2242 961 2298 tum
972 2251 1067 2312 paen-

77 2317 182 2386 insula
201 2325 280 2391 erat,
304 2318 474 2382 occidentis
494 2317 622 2394 regione
642 2318 717 2388 artis
738 2317 879 2385 faucibus
895 2319 1067 2382 cohaerens

76 2402 286 2469 Acarnaniae.
319 2402 506 2478 quingentos
521 2404 617 2464 terme
631 2418 747 2480 passus
762 2403 874 2478 longae
888 2419 945 2466 eae
960 2404 1067 2464 iancea

76 2495 184 2562 erant,
204 2488 285 2556 tatae
306 2486 390 2548 haud
410 2486 543 2564 amplius
564 2494 686 2550 centurn
708 2494 739 2548 et
759 2483 875 2562 viginti.
915 2485 946 2546 in
961 2484 1000 2548 iis
1014 2503 1067 2548 an-

76 2570 192 2648 mettis
206 2571 329 2640 Leucas
342 2569 446 2650 posita
461 2579 522 2645 cst,
546 2569 618 2632 cotti
637 2566 793 2649 applicata
812 2585 905 2630 verso
921 2567 952 2628 in
968 2569 1068 2630 orien-

75 2665 140 2718 tem
162 2663 195 2719 et
213 2656 429 2718 Acarnaniam.
472 2655 533 2718 ima
553 2652 640 2716 urbis
659 2655 753 2730 plana
772 2659 858 2726 sunt,
884 2651 1015 2714 iacentia
1028 2653 1070 2714 ad

77 2758 182 2816 mare,
205 2757 268 2817 quo
288 2741 444 2806 Leucadia
458 2741 496 2802 ab
511 2737 689 2802 Acarnania
709 2735 865 2800 dividitur.
901 2735 974 2798 inde
987 2745 1070 2800 terra

77 2825 222 2902 marique
236 2825 453 2902 expugnabilis
467 2833 530 2889 est=
551 2840 623 2886 narn
637 2831 668 2886 et
682 2822 763 2895 vada
778 2829 850 2886 sunt
862 2829 971 2901 stagno
986 2821 1070 2888 sirni-

77 2909 160 2978 liora
176 2925 270 2986 quam
282 2909 368 2984 meri,
394 2917 426 2972 et
439 2925 568 2986 campus
582 2917 724 2978 terrenus
740 2905 841 2978 omnis
859 2906 1011 2985 operique
1025 2910 1070 2973 ta-

78 2993 161 3057 citis.
184 2993 289 3070 itaque
303 2993 406 3056 multis
420 2993 511 3058 simul
531 2991 609 3056 iocis
629 3002 683 3054 aut
702 2989 821 3056 subruti
840 2999 894 3054 aut
907 2991 1002 3066 ariete
1016 2993 1069 3056 de·

78 3076 169 3141 cussi
188 3078 320 3146 ruebam
339 3078 427 3140 muri.
456 3079 513 3142 scd
534 3093 626 3154 qnam
646 3078 721 3140 urbs
739 3076 810 3155 ipsa
824 3085 1000 3155 opportuna
1014 3093 1069 3154 op-

77 3162 293 3240 pugnantibus
301 3171 375 3237 erat,
386 3172 447 3227 tarn
457 3161 714 3240 inexpugnabssos
726 3161 861 3227 hostium
872 3159 975 3226 animi.
988 3157 1070 3242 diem

77 3263 117 3309 ac
133 3254 259 3314 nocam
272 3246 383 3316 intenti
396 3248 526 3314 reficere
541 3255 690 3324 quassata
702 3246 796 3320 tnuri,
813 3247 974 3308 obstruere
989 3257 1070 3318 quae

77 3333 239 3408 patefacta
251 3330 348 3400 urinis
360 3342 456 3410 erant,
471 3331 590 3410 proaiia
603 3331 732 3408 impigre
745 3329 838 3404 inire,
854 3337 885 3390 et
898 3325 991 3388 annis
1005 3343 1070 3388 rna·

77 3415 130 3492 gis
145 3432 252 3482 muros
267 3433 361 3494 quam
375 3434 410 3480 se
424 3416 514 3495 ipsos
528 3415 690 3478 moenibus
700 3414 800 3477 tutari.
822 3410 1000 3488 diutiusque
1012 3427 1069 3487 spe

78 3501 292 3564 Romanorum
318 3500 514 3565 obsidionem
543 3517 612 3562 eam
637 3497 859 3572 extraxissent,
888 3495 920 3558 ni
944 3497 1070 3560 exsules

123 3601 154 3644 τ.
165 3601 227 3645 nrvr
239 3602 315 3647 unns
327 3587 379 3646 IV.
849 3587 866 3642 i
