2480 3904
261 163 378 224 LIBER
391 163 524 224 XXXVI.
546 163 629 224 GAP.
646 171 688 226 18.
701 171 744 229 19.
765 169 801 237 [a.
815 167 847 220 C.
859 169 922 237 1⁹1]
1020 164 1085 229 239

99 313 303 388 cecidissent,
329 313 361 373 ni
380 313 421 374 Μ.
441 313 568 376 Porcius
589 315 628 375 ab
649 314 721 390 iugc
744 315 933 392 Callidromi,
956 317 1086 378 deiectis

98 398 173 459 inde
192 396 312 459 Aetolis
332 406 362 460 et
381 414 492 473 magna
512 415 551 458 ex
571 406 659 475 parte
681 399 986 462 caesis-incautos
1001 399 1082 462 enim

98 490 130 542 et
150 483 320 558 plerosque
340 481 461 558 sopitos
482 492 749 558 oppresserat-,
766 500 861 560 super
877 483 1085 544 imminentem

99 565 211 626 castris
225 567 336 628 collem
353 567 559 642 apparuisset.
593 567 671 628 XIX.
693 567 804 630 Flacco
819 585 882 630 non
898 569 1008 630 eadem
1021 569 1084 629 ior-

97 657 174 710 tuna
196 651 236 710 ad
249 649 408 712 Tichiunta
429 658 459 712 et
471 649 693 724 Rhoduntiam,
714 651 902 730 nequiquam
923 651 1027 713 subire
1043 653 1083 712 ed

98 749 136 794 ea
152 734 277 795 castella
293 743 421 806 conato,
441 737 549 796 iuerat.
586 735 774 798 Macedones
791 735 907 814 quique
920 735 972 796 alii
987 737 1017 796 in
1033 751 1082 796 ca-

98 817 172 878 sinis
183 817 278 894 regiis
290 826 378 880 erant
387 819 495 894 primo,
504 820 576 880 dum
587 823 697 896 procul
709 821 782 880 nihil
795 821 878 883 aliud
891 836 982 896 quam
993 821 1084 881 turba

97 909 129 962 et
149 917 262 978 agmen
282 902 465 980 apparebat,
487 905 617 964 Aetolos
632 904 759 965 credere
773 905 842 966 visa
855 907 963 982 procul
978 920 1084 980 pugne

98 985 242 1047 subsidio
258 987 378 1048 venire=
401 994 535 1048 ceterum
546 996 580 1048 ut
593 988 725 1064 primurn
739 989 890 1064 signaque
905 997 935 1050 et
947 1005 1031 1049 arma
1043 1005 1083 1049 ex

96 1071 276 1147 propinquo
304 1071 426 1148 cognita
445 1087 581 1133 errorem
605 1079 803 1148 operuerunt,
829 1079 930 1133 tantus
954 1081 1085 1148 repente

97 1169 199 1230 pavor
217 1155 318 1216 omnis
333 1156 429 1231 cepit,
450 1163 485 1216 ut
498 1154 627 1218 abiectis
648 1156 739 1217 armis
760 1158 910 1232 lugerent.
942 1165 973 1218 et
986 1154 1082 1216 muni-

96 1247 202 1300 menta
212 1240 371 1314 sequentis
383 1238 595 1315 impedierunt,
604 1248 634 1300 et
644 1241 804 1315 angustiae
815 1241 913 1315 vallis,
921 1255 977 1316 per
991 1256 1085 1315 quarn

98 1323 252 1398 sequendi
268 1331 363 1399 erant,
379 1331 410 1386 et
423 1324 555 1384 maxime
571 1325 704 1384 omnium
717 1325 802 1400 quod
813 1324 966 1400 elephanti
978 1322 1082 1384 novis-

98 1408 167 1468 simi
190 1407 318 1482 ngminis
340 1416 440 1481 erant,
463 1423 542 1483 quos
557 1409 657 1483 pedes
672 1423 764 1484 aegra
778 1409 961 1484 praeterire,
985 1423 1085 1484 eques

98 1493 184 1552 nullo
205 1497 327 1566 poterat
339 1491 447 1564 modo,
468 1491 644 1553 timentibus
659 1493 749 1567 equis
767 1493 989 1568 tumultumque
1004 1491 1082 1552 inter

98 1592 131 1636 se
145 1575 297 1636 maiorem
318 1590 410 1652 quam
423 1575 454 1636 in
469 1575 588 1650 proelio
604 1576 781 1648 edentibus;
805 1577 993 1652 aliquantum
1008 1583 1081 1636 tem·
1103 1625 1108 1631 .

16 1713 17 1718 ,
97 1659 187 1734 poris
202 1666 233 1720 et
249 1658 380 1734 direptio
397 1665 568 1742 castrorum
582 1659 688 1721 tenuit.
723 1659 912 1737 Scarpheam
927 1667 1028 1720 mmen
1045 1675 1083 1720 eo

98 1745 147 1804 die
172 1745 331 1804 consecuti
353 1751 425 1804 sunt
444 1742 575 1805 hostem.
608 1743 710 1804 multis
729 1744 759 1803 in
775 1745 845 1820 ipso
860 1745 967 1806 itinere
982 1743 1086 1804 caesis

16 1889 18 1900 ,
98 1828 273 1904 captisque,
288 1844 350 1889 non
366 1826 456 1904 equis
470 1827 609 1903 virisque
623 1834 754 1900 tantum,
765 1828 822 1888 sed
836 1829 927 1889 eliam
938 1828 1080 1902 elephan-

17 1923 18 1972 3
98 1913 151 1986 lis,
177 1927 257 1986 quos
273 1927 384 1987 capere
399 1925 459 1972 non
476 1917 655 1987 potuerant,
677 1910 860 1986 interiectis,
874 1913 904 1970 in
921 1918 1022 1971 eastra
1035 1925 1083 1968 re»

17 1991 18 2060 j
96 2001 269 2067 verterunt;
292 2011 371 2072 quae
384 2002 530 2071 temptata
543 2011 581 2056 eo
598 1995 648 2056 die
664 1995 742 2058 inter
756 1995 856 2070 ipsum
872 2009 996 2071 pugnae
1010 2001 1082 2054 tem·

97 2095 159 2155 pus
184 2079 224 2139 ab
239 2081 373 2152 Aetolis,
395 2081 575 2140 Heracleam
596 2080 802 2148 obtinentibus
823 2077 995 2155 praesidio,
1017 2078 1085 2138 sine

97 2166 161 2225 ullo
183 2163 266 2223 haud
288 2179 396 2238 parurn
411 2163 539 2226 audacis
553 2165 666 2240 incepti
681 2163 793 2225 ellectu
808 2164 937 2225 fuerant.
974 2164 1084 2225 consul

98 2247 201 2309 nocfis
212 2246 405 2324 insequentis
416 2248 503 2308 tanin
513 2249 615 2322 vigilia
626 2248 798 2323 praemisso
810 2249 947 2324 equitatu
962 2249 1002 2307 ad
1013 2263 1084 2323 per·

99 2333 296 2408 sequendum
319 2331 455 2406 hostem,
479 2331 569 2406 signa
594 2331 747 2407 legionum
769 2333 868 2409 prima
887 2333 964 2392 luce
978 2331 1084 2392 movit.

99 2416 291 2492 aliquantum
310 2415 381 2476 viae
401 2421 603 2490 praeceperat
616 2431 687 2490 rex,
712 2423 746 2476 ut
761 2417 812 2491 qui
827 2430 890 2474 non
905 2422 977 2474 ante
992 2430 1085 2487 quam

97 2498 217 2560 Elatiae
237 2499 277 2558 ab
292 2499 392 2560 effuso
408 2497 579 2560 constiterit
593 2513 700 2576 cursu;
733 2499 786 2559 ubi
802 2497 930 2573 primum
945 2497 1083 2571 reliquiis

99 2598 287 2660 pugnaeque
307 2589 339 2644 et
357 2584 450 2658 luges
469 2583 622 2657 collectis,
644 2599 713 2642 oum
733 2582 903 2658 perexigua
922 2596 1015 2640 manu
1033 2595 1082 2639 se·

98 2667 268 2728 miermium
282 2667 409 2728 militum
424 2666 598 2727 Chalcidem
613 2682 649 2726 se
662 2664 789 2742 recapit.
823 2665 981 2726 Romanus
996 2664 1082 2741 equi-

100 2759 180 2812 tatus
204 2751 307 2827 ipsum
332 2751 456 2828 quidem
479 2766 583 2826 regem
602 2749 718 2811 Elatiae
743 2750 912 2811 adsecutus
937 2755 1082 2818 nonest,

99 2851 242 2910 magnam
257 2841 375 2911 partem
389 2835 518 2910 agminis
532 2835 780 2896 aut-lassitudine
794 2833 1007 2909 subsistentis,
1032 2842 1083 2894 aut

100 2935 219 2994 errore,
241 2921 347 2996 utqui
368 2918 436 2980 sine
457 2919 587 2980 ducibus
608 2934 666 2996 per
686 2919 790 2995 ignota
810 2919 917 2980 itinera
932 2920 1083 2995 lugerent,

101 3003 268 3080 dissipatos
282 3011 513 3080 oppresserunt.
528 3017 586 3064 nec
597 3011 719 3078 praeter
731 3003 926 3078 quingentos,
938 3003 990 3078 qui
1002 3003 1083 3062 eirca

99 3102 203 3164 regem
222 3089 358 3163 luerunt,
380 3103 419 3149 ex
439 3094 502 3148 toto
519 3087 655 3150 exercitu
670 3087 834 3163 quisquam
848 3085 968 3162 elingit,
992 3085 1081 3145 etiam

101 3173 259 3234 andecam
270 3171 392 3232 milibus
403 3171 538 3246 militum,
555 3187 635 3248 quos
646 3171 776 3248 Polybio
788 3177 913 3231 auctore
922 3167 1082 3230 traiecisse

101 3269 207 3318 secum
221 3271 326 3332 regem
340 3257 371 3317 in
387 3255 544 3316 Graeciam
560 3255 756 3331 scripsimus,
773 3253 903 3328 exiguus
918 3266 1080 3312 numems=

103 3339 175 3413 quid
189 3339 217 3401 si
231 3339 346 3401 Antiati
359 3339 484 3400 Valerio
500 3340 662 3400 credamus
684 3337 846 3413 sexaginta
860 3335 941 3395 milia
954 3335 1081 3395 militum

103 3422 197 3484 luisse
214 3425 245 3484 in
259 3423 346 3499 regio
365 3423 501 3486 exercitu
516 3423 675 3498 scribenti,
698 3420 900 3498 quadraginta
914 3417 986 3480 inde
1000 3419 1081 3478 milia
