2506 3898
190 192 255 256 aaa
330 191 444 252 orara
458 193 619 254 xxxma.
642 192 837 256 cananae.
860 195 1055 266 [nummo

193 346 302 412 cuniae
323 362 362 407 ex
383 361 421 408 co
442 345 526 421 quod
548 345 728 420 popigerunt
750 343 935 420 exigendum
960 341 1074 417 muso,
1101 345 1180 420 ipse,

195 431 265 510 quia
279 429 445 496 Eumenem
464 444 568 504 ragan
589 434 620 494 at
640 428 748 496 decom
767 429 886 504 tegam
907 428 946 496 ab
961 428 1062 492 Roma
1076 427 1180 502 apae-

194 531 262 583 eum
283 514 408 580 venisse
421 512 572 585 audierat,
600 512 693 580 insuia
709 511 799 586 senui
811 511 954 578 Mdoodi
969 511 1079 586 legatis
1095 513 1182 586 Apa·

194 615 292 664 meam
307 598 472 666 exercitam
485 595 616 663 reduxit·
644 595 804 664 xxxvio.
826 595 869 662 iini
882 611 921 660 cx
938 595 1048 663 donem
1062 596 1181 670 tanao

193 698 261 751 rum
281 681 431 746 aentcmia
452 679 562 748 toodna
583 678 613 746 in
634 677 712 748 haec
732 679 827 747 narba
850 680 914 746 tora
934 695 1004 744 orm
1021 678 1180 746 Andocho

194 767 401 841 conscriptum
416 771 473 825 est.
495 763 647 839 „amicitia
660 763 725 837 rugi
738 762 891 830 andoeno
902 778 973 828 cum
985 764 1106 838 populo
1117 763 1180 823 Ro·

118 849 121 856 '
194 867 285 916 mano
299 849 349 912 hia
363 847 482 924 regium
497 854 528 916 et
541 845 776 914 condicionibus
792 854 868 916 acto,
897 862 936 914 aa
949 861 1044 922 quana
1059 847 1180 912 exarci-

195 941 271 1008 tum,
294 929 347 1008 qui
367 947 437 998 cum
455 933 573 1008 populo
592 931 730 1000 Romano
752 930 887 998 enodare
906 931 1019 998 bellom
1031 937 1181 1004 gesturus

194 1017 259 1090 crit,
275 1031 331 1079 rex
346 1031 402 1092 per
416 1015 495 1084 unes
508 1015 593 1091 regni
607 1015 664 1092 aui,
676 1030 821 1082 eorumve
835 1015 886 1092 qui
900 1014 959 1081 rub
972 1014 1100 1082 dicione
1112 1013 1178 1076 aas

194 1107 298 1174 crunt,
319 1098 450 1165 eumue
470 1099 576 1172 sinito,
597 1114 658 1164 nou
677 1104 849 1166 commemo
868 1097 928 1161 nau
949 1113 1010 1173 qua
1029 1097 1095 1166 aiio
1119 1113 1180 1172 ope

195 1185 309 1248 innato.
342 1183 423 1250 idam
442 1183 571 1248 Romani
596 1181 736 1258 cendone
756 1181 907 1250 annocho
930 1188 960 1242 et
981 1180 1020 1247 iis
1041 1180 1097 1257 oui
1120 1183 1178 1242 sub

196 1268 325 1345 imperio
346 1267 413 1336 ctus
434 1274 523 1332 erunt
535 1273 699 1344 praestent
734 1264 804 1332 aaa
820 1265 946 1342 gerendi
960 1265 1007 1334 ius
1023 1264 1178 1332 antiocho

196 1368 237 1418 na
257 1359 325 1437 epta
346 1368 416 1418 cum
435 1351 495 1414 illia
517 1352 570 1428 oui
590 1352 707 1420 insanas
729 1350 847 1423 wirnt,
868 1365 948 1416 nnuc
968 1348 1000 1415 in
1019 1347 1177 1423 aaronem

196 1436 383 1502 uanscundi.
407 1435 547 1502 excedito
562 1434 689 1499 urbibus
700 1433 787 1509 ‚apris
802 1433 877 1500 vicia
892 1431 1027 1500 castaliis
1043 1430 1090 1495 cis
1101 1433 1176 1500 ‘dau-

196 1537 263 1585 rum
277 1526 410 1584 rnontcnr
424 1534 525 1594 usquc
537 1518 579 1584 ad
591 1518 694 1596 Halyn
707 1533 836 1591 amnem,
848 1521 882 1584 ot
895 1532 914 1580 a
925 1517 1007 1584 valle
1018 1515 1113 1578 Tauri
1127 1533 1176 1578 us·

197 1619 259 1678 que
271 1603 310 1664 ad
321 1602 401 1677 iuga,
414 1619 476 1677 qua
485 1603 516 1666 in
527 1600 716 1680 Lycaoniam
729 1602 834 1677 versit.
849 1617 888 1664 ne
899 1615 1056 1676 anamma
1068 1599 1175 1666 offerto

196 1701 236 1746 ax
250 1685 288 1748 iis
309 1685 432 1762 oppidis
447 1686 531 1761 agris
547 1686 757 1762 casurasque,
772 1685 890 1760 quihus
906 1683 1053 1752 excedam
1075 1684 1103 1743 si
1118 1700 1177 1758 oua

196 1769 317 1844 extulit,
334 1784 414 1846 quae
429 1785 555 1848 ¹qnotpre
569 1769 736 1846 oportebit,
755 1775 838 1832 rante
851 1765 1012 1838 restituito.
1046 1782 1088 1833 na
1102 1767 1175 1832 arili-

197 1859 258 1914 tam
277 1867 338 1921 nou
360 1870 451 1929 quem
472 1854 563 1920 alium
584 1869 624 1916 ex
643 1869 740 1929 rogeo
753 1849 1051 1926 Eomcmsraoipito-
1085 1851 1112 1916 si
1126 1851 1176 1926 ani

198 1953 301 2000 aarum
316 1937 437 2003 urbium
448 1937 543 2014 cives,
557 1954 637 2014 quae
650 1952 745 2012 ragno
757 1936 937 2008 macedium,
953 1950 1022 2004 oum
1034 1935 1174 2009 ragenn-

197 2021 301 2083 tiocho
322 2022 462 2098 intraque
482 2023 561 2086 fines
581 2023 668 2096 regni
688 2020 755 2088 eiua
777 2027 862 2094 aunt,
884 2021 1053 2095 nemeen
1069 2035 1174 2083 omnes

197 2111 268 2167 anta
289 2105 369 2166 diem
392 2113 504 2170 certam
518 2107 676 2172 redeunte.
705 2105 758 2180 qui
772 2120 810 2168 ex
825 2119 921 2179 regno
935 2102 1079 2170 andnam
1095 2103 1175 2178 apud

198 2188 354 2248 Romanos
378 2188 548 2262 secusque
569 2195 656 2261 aunt,
685 2187 723 2252 iis
746 2188 794 2250 ius
820 2187 951 2255 abeundi
970 2187 1176 2261 manendique

197 2276 274 2329 asto.
297 2283 407 2330 servos
423 2285 480 2332 seu
495 2271 639 2346 fugitivos
653 2285 711 2334 scu
724 2271 806 2336 haila
821 2277 938 2346 coptos,
953 2285 1009 2332 scu
1020 2270 1093 2344 quis
1103 2269 1175 2333 tiber

197 2359 306 2428 capara
321 2359 374 2418 aut
387 2355 547 2430 transfuga
561 2353 625 2426 erit,
641 2354 762 2418 reddito
773 2355 919 2420 Romanis
933 2353 1103 2430 sociisque.
1118 2355 1172 2414 cia-

198 2435 331 2512 phanias
346 2437 457 2502 tradito
473 2439 581 2514 omnis,
596 2453 698 2515 nuque
712 2440 790 2502 alios
804 2446 922 2514 parato.
955 2437 1065 2505 manac
1081 2443 1113 2498 at
1125 2452 1174 2500 na-

197 2535 255 2584 ves
275 2521 385 2600 longas
406 2530 655 2600 armamentaque
674 2539 794 2591 aarum
823 2537 884 2588 neu
897 2523 1002 2600 piures
1018 2537 1113 2598 quam
1126 2522 1173 2584 dc·

199 2617 265 2666 cem
290 2622 386 2670 navos
407 2609 574 2682 actuarias,
600 2608 683 2672 nulla
707 2623 834 2684 quarum
855 2607 924 2681 plus
946 2621 1038 2682 quam
1059 2603 1176 2680 triginta

198 2689 290 2752 ramis
306 2698 422 2766 agatur,
438 2691 559 2767 habeto,
575 2708 654 2754 neve
668 2707 822 2754 muneram
837 2706 876 2750 cx
892 2689 963 2752 belli
974 2705 1079 2765 causa,
1095 2689 1174 2766 qnod

198 2771 268 2846 ipae
280 2773 418 2840 illaturus
434 2775 498 2834 crit.
520 2791 559 2835 ne
573 2776 716 2849 navigato
730 2776 804 2838 citra
816 2775 1024 2853 Calycadnum
1035 2790 1098 2834 neu
1109 2773 1174 2836 Sar·

198 2853 365 2928 padonium
378 2858 793 2932 promunturiaextraquam
804 2858 832 2920 si
844 2857 1004 2935 quartanis
1015 2858 1174 2934 pecuniam

199 2935 384 3011 stipendium
400 2946 453 3001 aut
471 2941 590 3015 legatos
605 2947 658 3000 aut
671 2941 797 3004 obsides
812 2942 953 3020 portabit.
974 2941 1086 3008 milites
1101 2957 1173 3004 mer·

200 3019 276 3082 cede
292 3021 485 3082 conducendi
500 3037 539 3082 cx
550 3022 599 3084 his
610 3025 762 3098 gentibus,
778 3043 857 3102 uuae
868 3025 927 3087 auia
938 3025 1061 3092 dicione
1073 3025 1174 3100 populi

198 3104 328 3170 Romani
348 3111 434 3181 sunt,
455 3106 607 3168 Antiocho
628 3107 694 3184 regi
711 3109 759 3170 ius
774 3125 812 3170 ne
827 3117 912 3180 esto;
935 3125 975 3170 ne
990 3110 1174 3170 voluntarios

200 3189 325 3264 quidem
349 3190 526 3267 recipiendi.
558 3191 747 3256 Rhodiorum
768 3195 961 3257 sociorumve
982 3209 1064 3270 quac
1084 3193 1173 3254 aedas

200 3274 403 3352 aedificiaque
417 3275 495 3338 intra
510 3274 588 3334 fines
601 3277 687 3350 regni
698 3277 840 3340 Antiochi
855 3285 935 3354 sunt,
950 3294 1012 3354 quo
1028 3277 1095 3337 iure
1110 3283 1174 3338 ante

199 3355 311 3418 ballum
326 3359 456 3434 inerunt,
472 3375 510 3421 co
522 3357 710 3424 Rhodiorum
725 3361 918 3423 sociorumve
935 3371 1036 3422 sunto.
1060 3360 1173 3436 siquae

199 3441 350 3509 pecuniae
365 3443 528 3516 debentur,
549 3459 653 3503 earum
665 3445 786 3504 exactio
801 3452 878 3504 esto.
913 3444 1028 3519 siquid
1045 3443 1172 3506 ablatum
