2506 3898
183 229 247 295 302
275 227 541 290 LlBLRllXXVll.
559 227 743 291 CAP.te.tt.
759 233 795 302 [a.
805 232 938 292 tieem.
951 233 1088 301 tec-190]

184 399 264 444 marn
278 380 446 453 redierunt,
468 379 502 453 Q.
516 375 668 439 Minucius
682 393 723 438 ex
736 376 914 454 Liguribus,
928 379 978 438 Μ’.
993 379 1112 440 Acilius
1127 396 1164 441 ex

183 466 313 528 Aetolia.
350 463 460 524 auditis
479 463 641 538 utriusque
661 463 755 524 rebus
774 461 870 538 gestis
884 462 1018 524 blinudo
1034 473 1163 539 negatus

184 547 364 624 triumphus,
378 547 477 608 Acilio
487 561 599 621 magno
611 561 767 607 consensu
778 546 936 616 decretum
957 547 1048 622 isque
1060 548 1163 608 trium·

186 634 285 710 pluens
306 632 346 692 de
366 646 440 706 rege
456 628 610 690 Antiocho
631 635 663 690 et
678 627 797 691 Aetolis
818 629 925 690 urbem
945 638 994 691 est
1013 631 1163 690 inuectus.

187 719 322 794 praelata
341 713 371 774 in
386 730 425 775 eo
445 713 598 788 triumpho
620 720 692 774 sunt
708 712 797 788 signa
810 711 950 774 militaria
965 715 1099 774 ducenta
1113 717 1164 774 tri·

185 799 283 876 ginta,
305 804 336 859 et
349 798 465 874 argenti
480 795 583 858 inlecti
598 797 657 857 tria
668 795 751 858 mdia
766 797 886 872 pondo,
908 796 1020 872 signati
1034 797 1165 858 tetrach-

185 899 268 944 mum
279 881 413 944 Atticum
434 889 555 942 eentum
573 882 680 942 decem
694 881 751 940 tria
764 880 861 952 milia,
884 880 1095 957 cistophorum
1110 882 1164 942 du·

186 973 275 1028 centa
299 965 500 1042 quadraginta
524 980 650 1039 novem,
676 979 753 1024 vasa
772 971 916 1040 argentea
935 965 1051 1026 caelata
1071 966 1165 1025 multa

185 1050 351 1125 magnique
371 1048 531 1126 ponderis;
551 1049 619 1110 tulit
638 1055 669 1110 et
687 1047 908 1123 supellectilem
925 1049 1041 1123 regiam
1057 1065 1164 1124 argen-

185 1143 265 1196 team
279 1149 317 1194 ec
331 1141 450 1194 vestem
460 1133 667 1208 magnificam
690 1147 822 1192 coronas
835 1146 954 1206 aureas,
970 1133 1053 1192 dona
1065 1132 1165 1193 socia-

186 1235 253 1279 rum
269 1217 441 1294 civitatium,
458 1217 659 1293 quadraginta
674 1216 827 1292 quinque;
849 1214 950 1291 spolia
961 1215 1061 1276 omnis
1072 1231 1164 1290 gene·

186 1302 240 1362 ris.
267 1301 407 1378 captivos
432 1300 567 1374 nobiles,
591 1301 719 1362 Aetolos
740 1307 772 1360 et
792 1299 895 1374 regios
921 1301 1032 1374 duces,
1057 1315 1116 1359 sex
1137 1305 1166 1358 et

187 1383 309 1460 triginta
328 1384 423 1445 duxit.
459 1385 650 1446 Damocritus
670 1383 849 1445 Aetolorum
869 1385 932 1444 dux
955 1399 1073 1458 paucos
1095 1391 1166 1444 ante

188 1468 271 1540 dies,
288 1484 357 1529 cum
372 1484 390 1528 e
404 1483 528 1528 carcere
543 1474 636 1528 noctu
651 1465 819 1543 effugisset,
834 1467 864 1527 in
880 1468 947 1544 ripe
960 1467 1078 1528 Tiberis
1092 1483 1165 1528 con-

187 1553 302 1612 secutis
317 1551 511 1626 custodibus,
533 1550 713 1628 priusquam
723 1551 1047 1627 comprehenderetur,
1061 1551 1165 1625 gladio

188 1649 223 1696 se
236 1633 396 1695 transfixit.
419 1633 528 1695 milites
542 1643 667 1710 tantum,
683 1635 736 1710 qui
750 1643 950 1711 sequerentur
965 1651 1094 1708 currum,
1112 1634 1164 1694 de-

188 1719 324 1780 luerunt=
354 1717 469 1792 alioqui
489 1718 670 1794 magnificus
688 1727 719 1780 et
733 1721 909 1794 spectaculo
925 1725 956 1778 et
969 1719 1051 1778 lerna
1064 1733 1165 1778 rerum

187 1801 357 1876 triumphus
371 1801 436 1862 luit.
849 1823 851 1829 ⁴

270 1885 368 1946 Huius
388 1884 532 1960 triumphi
552 1886 658 1946 minuit
669 1884 810 1946 laetitiam
826 1885 948 1946 nuntius
964 1902 1002 1945 ex
1016 1885 1166 1960 Hispania

188 1967 291 2044 tristis,
306 1970 439 2030 adversa
453 1985 557 2045 pugna
571 1971 601 2030 in
615 1969 787 2030 Bastetanis
803 1971 895 2030 ductu
909 1969 941 2027 L.
956 1968 1077 2029 Aemilii
1092 1985 1165 2044 pro·

188 2053 325 2115 consulis
340 2054 422 2128 apud
438 2053 585 2128 oppidum
595 2054 753 2131 Lyconem
768 2069 835 2116 curn
846 2053 998 2114 Lusitanis
1014 2053 1167 2112 sexmilia

188 2138 227 2197 de
242 2137 377 2198 exercitu
390 2137 528 2197 Romano
544 2137 711 2204 cecidisse;
728 2143 847 2198 eeteros
857 2137 997 2212 paventis
1012 2137 1090 2197 intra
1101 2138 1166 2196 val-

187 2221 249 2280 lum
265 2220 442 2294 compulsos
457 2233 550 2292 aegre
565 2226 666 2280 castre
681 2219 874 2294 defendisse,
892 2227 922 2280 et
935 2220 965 2280 in
979 2220 1106 2280 modum
1121 2222 1167 2280 lu-

187 2301 331 2377 gientium
351 2302 468 2376 magnis
492 2301 648 2364 itineribus
669 2303 700 2363 in
722 2319 827 2378 agrum
849 2310 989 2380 pacatum
1007 2305 1166 2365 reductos.

187 2385 263 2446 baec
278 2401 317 2446 ex
331 2383 480 2462 Hispania
499 2384 644 2449 nuntiata.
676 2403 716 2448 ex
732 2387 827 2448 Gallia
841 2391 959 2463 legatos
972 2386 1165 2450 Placentino-

187 2486 254 2530 rum
265 2477 295 2530 et
304 2469 553 2532 cremonensium
563 2470 596 2530 L.
608 2473 834 2533 Aurunculeius
847 2479 969 2548 praetor
980 2471 1010 2530 in
1023 2481 1167 2533 senatum

189 2554 364 2615 introduxit.
387 2553 425 2615 iis
442 2554 639 2631 querentibus
655 2555 790 2632 inopiam
806 2557 993 2630 colonorum,
1009 2555 1077 2616 aliis
1092 2555 1168 2616 belli

188 2637 311 2698 casibus
332 2637 399 2698 aliis
419 2638 527 2700 morbo
548 2639 733 2715 absumptis,
756 2641 906 2715 quosdam
925 2639 1027 2700 taedio
1044 2640 1167 2700 accola·

188 2737 253 2780 rum
269 2721 422 2783 Gallorum
442 2721 606 2798 reliquisse
626 2724 778 2797 colonias,
801 2724 937 2784 decrevit
957 2730 1101 2797 senatus,
1123 2725 1166 2784 uti

188 2803 219 2862 C.
235 2804 356 2865 Laelius
377 2806 501 2877 consul,
523 2806 550 2866 si
571 2807 599 2865 ei
619 2808 788 2882 videretur,
810 2823 866 2868 sex
886 2807 969 2868 milia
982 2808 1166 2868 familiarum

189 2885 409 2962 conscriberet,
431 2903 511 2964 quae
524 2889 554 2948 in
571 2905 624 2950 eas
639 2893 775 2952 colonias
791 2891 1015 2962 dividerentur;
1038 2899 1070 2952 et
1082 2899 1119 2952 ut
1131 2892 1165 2951 L.

188 2971 413 3032 Aurunculeius
434 2980 558 3047 praetor
575 2974 749 3036 triumviros
771 2983 889 3036 crearet
907 2975 948 3034 ad
962 2989 1017 3036 eos
1033 2977 1166 3036 colonos

189 3055 397 3116 deducendos.
426 3057 519 3118 creati
532 3055 573 3117 Μ.
587 3058 697 3120 Atilius
712 3057 863 3120 Serranus
877 3059 910 3118 L.
924 3057 1070 3120 Valerius
1084 3058 1119 3118 P.
1133 3057 1166 3118 F.

187 3137 314 3199 Flaccus
328 3138 362 3199 L.
376 3141 520 3202 Valerius
536 3141 567 3202 G.
583 3141 615 3202 F.
630 3143 746 3218 Tappo.
777 3142 895 3204 XLVll.
916 3141 999 3204 haud
1012 3141 1056 3204 ita
1070 3143 1166 3204 multo

190 3231 268 3298 post,
284 3240 353 3284 cum
368 3224 427 3284 iam
441 3225 645 3287 consularium
663 3227 851 3288 comitiorum
862 3233 1021 3302 appeteret
1030 3233 1166 3302 tempus,

189 3307 219 3366 c.
236 3309 356 3368 Laelius
380 3308 488 3370 consul
508 3325 547 3368 ex
562 3308 658 3370 Gallia
671 3311 798 3372 Romam
818 3309 906 3370 redit.
940 3309 967 3369 is
982 3325 1044 3369 non
1064 3313 1164 3372 solum

188 3403 227 3450 ex
248 3393 328 3451 tacto
348 3391 476 3453 absente
496 3408 532 3454 se
552 3401 677 3455 senatus
704 3393 843 3455 consulto
864 3394 894 3453 in
915 3393 1164 3469 supplementum

189 3470 356 3533 cremonae
371 3481 401 3534 et
410 3475 580 3536 Placentiae
593 3479 721 3539 colonos
734 3477 873 3554 scripsit;
888 3477 946 3538 sed
955 3484 988 3538 ut
998 3493 1102 3538 novae
1113 3493 1164 3538 eo-
