2506 3898
164 199 230 268 cta
292 200 582 264 eracemum.
605 199 687 262 cnr.
702 209 745 266 aa.
758 209 801 266 u.
824 208 943 276 [cua
958 205 1021 277 aas]

163 353 233 416 cani
248 361 302 416 aut
315 353 375 414 diei
390 353 490 415 dictae
499 353 646 415 Africano
662 353 754 414 uilem
766 353 952 416 mentionem
962 352 1062 414 habat
1089 352 1160 416 alia

163 445 227 500 tota
241 438 375 499 serenda
391 437 493 498 rabula
504 445 552 499 est
563 436 692 498 Gracchi
703 437 833 498 orationi
845 437 1041 510 conveniens,
1058 443 1095 498 ct
1109 439 1158 498 ilii

163 529 306 584 auctores
321 521 473 597 sequendi
488 528 574 596 sunt,
597 519 664 597 qui,
680 535 750 582 cum
763 520 797 590 L.
813 519 918 596 Scipio
935 528 966 582 et
979 529 1156 589 accusatus

162 611 193 668 et
207 605 368 666 damnatus
383 605 424 666 sit
437 604 586 681 pecuniae
601 610 709 680 captae
723 603 762 668 ab
773 619 856 680 rege,
871 606 1003 680 legatum
1013 604 1045 664 iu
1056 605 1154 666 Etru-

161 689 207 749 ria
228 689 325 751 misse
344 688 521 749 Africanum
539 689 678 760 uadunt,
700 704 762 764 quo
785 695 856 765 post
875 689 986 748 tamam
1005 689 1046 749 de
1068 704 1153 752 casu

162 773 263 835 fratris
284 773 414 834 adlatam
432 771 537 834 relicta
558 772 710 848 logatione
731 771 906 834 cucurrisse
921 787 991 833 eum
1003 772 1150 850 Romam,

161 861 192 918 ct
206 871 275 916 cum
289 873 308 916 a
323 861 414 931 porta
427 862 512 917 recta
526 855 566 916 ad
578 856 677 917 iorum
689 871 725 916 se
737 855 926 930 contulisset,
941 856 1024 932 quod
1035 857 1066 916 in
1077 857 1149 916 vin-

161 941 230 1000 cula
250 938 321 1002 duci
339 941 463 1000 tratrem
477 939 593 1000 dictum
606 947 685 1010 erat,
706 941 882 1016 reppulisse
896 957 916 1000 a
930 953 1060 1016 corpore
1074 943 1149 1002 eius

159 1024 316 1098 viatorem,
331 1031 362 1085 ct
374 1023 505 1085 tribunis
518 1023 716 1084 retinentibus
730 1023 828 1100 magis
844 1023 894 1098 pic
909 1040 999 1099 quam
1015 1024 1148 1085 civiliter

158 1107 220 1168 vim
241 1107 365 1170 iecisse.
395 1107 467 1168 hinc
481 1107 560 1166 enim
578 1107 647 1182 ipse
660 1108 703 1168 Ti.
719 1106 876 1168 Gracchus
891 1109 1026 1182 queritur
1039 1109 1145 1172 disso-

159 1193 253 1252 lutam
267 1207 339 1253 esse
350 1207 370 1251 a
379 1191 498 1268 privato
514 1189 705 1252 tribuniciam
716 1198 914 1266 potestatem
930 1192 1010 1252 etad
1020 1202 1144 1267 posue

159 1291 258 1350 mum,
279 1291 349 1336 cum
363 1275 510 1336 auxilium
523 1273 557 1334 L.
572 1272 708 1350 Scipioni
727 1275 900 1350 pollicetur,
923 1275 1017 1336 adicit
1029 1279 1143 1337 tolera-

158 1357 276 1420 bilioris
284 1359 417 1434 exempli
427 1373 499 1419 esse
510 1356 656 1420 atribuno
669 1359 768 1434 plebis
780 1359 1009 1435 potiusquama
1020 1361 1142 1434 privato

160 1441 270 1504 victam
289 1443 388 1503 videri
411 1450 441 1502 et
460 1439 651 1502 tribuniciam
665 1449 847 1518 potestatem
862 1450 970 1504 utrem
985 1443 1143 1516 publicam

159 1539 240 1588 csse.
260 1527 318 1589 sed
331 1527 374 1587 ite
386 1525 465 1585 hanc
479 1540 571 1584 uuam
585 1525 782 1602 impotentem
794 1527 860 1587 eius
875 1527 1014 1588 iniuriam
1025 1527 1142 1588 invidia

162 1617 279 1684 inerat,
294 1616 327 1670 ut
341 1609 527 1684 increpando
543 1610 627 1684 quod
643 1610 836 1686 degenerarit
849 1616 963 1672 tantum
978 1627 997 1670 a
1011 1627 1047 1670 se
1061 1611 1140 1686 ipse,

159 1694 327 1753 cumulatas
343 1693 371 1752 ei
386 1701 506 1754 veteres
520 1693 628 1755 laudes
643 1694 862 1756 moderationis
876 1701 907 1756 et
919 1696 1140 1769 temperantiae

162 1791 217 1850 pro
246 1777 488 1852 reprehensione
512 1779 667 1853 praesenti
694 1778 817 1840 reddat:
854 1779 1033 1852 castigatum
1058 1779 1139 1842 enim

162 1861 318 1936 quondam
339 1859 376 1922 ab
392 1877 429 1922 eo
445 1862 592 1938 populum
606 1862 663 1932 ait,
686 1863 771 1937 quod
785 1877 854 1923 eum
868 1869 1050 1938 perpetuum
1065 1879 1136 1924 con·

157 1944 255 2005 sulem
269 1953 300 2006 et
314 1946 491 2006 dictatorem
506 1946 597 2006 vellet
607 1947 724 2017 iacere;
741 1945 938 2022 prohibuisse
949 1953 1066 2006 statuas
1079 1947 1140 2008 sibi

156 2025 188 2088 ln
204 2029 342 2104 comitio,
363 2031 393 2090 in
409 2031 544 2103 Rostris,
561 2030 591 2089 in
607 2030 705 2104 curia,
721 2030 751 2090 in
767 2029 930 2104 Capitolio,
950 2030 982 2089 in
997 2031 1073 2090 ceila
1087 2031 1139 2092 io·

158 2111 204 2174 vis
229 2114 319 2188 poni;
351 2113 548 2189 prohibuisse
574 2129 613 2172 ne
636 2114 866 2185 decerneretur,
895 2121 929 2174 ut
952 2113 1052 2189 imago
1080 2131 1140 2178 sua

158 2196 331 2272 triumphati
353 2204 462 2256 ornatu
482 2212 500 2256 c
519 2198 632 2270 templo
653 2196 735 2256 Iovis
757 2198 862 2272 optimi
887 2196 1010 2257 maximi
1030 2197 1134 2259 exiret.

157 2279 245 2338 Lvh.
268 2279 345 2338 haec
359 2283 409 2340 vel
428 2279 459 2340 in
475 2279 650 2342 laudatione
670 2281 772 2354 posita
789 2282 942 2355 ingentem
956 2281 1129 2356 magnitudi

157 2377 224 2422 nem
237 2363 327 2424 animi
338 2365 524 2426 moderantis
535 2365 576 2425 ad
587 2363 703 2426 civitem
716 2363 851 2426 habitum
862 2365 1031 2426 honoribus
1042 2365 1140 2440 signi-1

156 2447 291 2522 ficarent,
305 2465 385 2524 quae
397 2449 613 2528 exprobrando
625 2447 764 2510 inimicus
777 2449 896 2510 rotetur.
914 2447 987 2510 huic
998 2448 1136 2510 Graccho

157 2531 307 2593 minorem
329 2549 369 2593 cx
384 2535 503 2594 duabus
519 2533 589 2594 filiis
600 2549 721 2594 -nam
736 2531 834 2594 maior
846 2532 878 2592 P.
896 2531 1036 2595 Gornehn
1049 2532 1137 2593 Nasi-

157 2631 212 2674 cae
232 2617 314 2678 haud
335 2618 427 2678 dubie
448 2634 466 2676 a
487 2625 573 2692 patre
595 2617 745 2679 collocata
765 2623 1019 2692 erat—nuptam
1038 2617 1137 2678 ruisse

157 2701 309 2760 convenit.
340 2700 415 2761 iilud
433 2718 540 2777 parum
556 2708 683 2776 constat,
698 2708 797 2762 utrum
813 2708 884 2776 post
897 2708 1026 2761 mortem
1039 2702 1136 2775 patris

154 2788 185 2840 et
199 2783 358 2859 desponsa
373 2784 413 2846 sit
426 2793 457 2846 et
470 2784 622 2859 nupserit,
643 2801 682 2843 an
697 2801 789 2846 verae
802 2785 871 2846 illae
886 2785 1048 2860 opiniones
1064 2785 1134 2857 sint,

156 2865 343 2938 Gracchum,
366 2885 435 2928 cum
448 2869 481 2926 L.
498 2865 601 2938 Scipio
617 2865 648 2924 in
662 2867 785 2928 vincula
800 2869 964 2930 duceretur
977 2883 1035 2928 nec
1050 2870 1133 2942 quis-

154 2965 247 3022 quam
273 2950 458 3024 coilegarum
482 2948 595 3008 auxilio
613 2956 715 3025 essct,
742 2952 862 3014 iurasse
883 2951 942 3012 sibi
962 2949 1134 3012 inimicitias

155 3049 223 3093 cum
239 3031 450 3107 Scipionibus,
473 3045 553 3105 quae
568 3031 711 3107 scissent,
732 3051 872 3108 manere,
893 3050 950 3095 nec
968 3051 1003 3094 se
1017 3033 1134 3109 gratiae

156 3117 351 3192 quaerendae
372 3131 466 3174 causa
488 3115 653 3190 quicquam
668 3119 784 3178 iacere:
806 3120 863 3179 sed
878 3119 909 3178 in
924 3134 1015 3194 quem
1030 3132 1132 3177 carce-

155 3215 219 3259 rem
240 3217 329 3276 reges
351 3205 382 3260 et
401 3199 600 3274 imperatores
622 3199 755 3263 hostium
775 3203 937 3264 ducentem
956 3200 1087 3260 vidisset
1097 3199 1131 3260 P.

152 3283 343 3360 Ahicanum,
364 3282 395 3343 in
416 3299 486 3344 eum
507 3299 542 3344 se
561 3283 682 3345 fratrem
702 3285 769 3345 eius
791 3286 862 3346 duci
876 3301 937 3346 non
956 3299 1153 3360 passurum·

153 3375 293 3428 senatum
309 3385 346 3429 eo
361 3367 411 3428 die
425 3369 502 3430 forte
516 3366 546 3426 in
562 3366 709 3442 Capitolio
724 3376 881 3428 cenantem
897 3364 1130 3429 consurrexisse

150 3457 183 3506 et
194 3450 317 3522 petisse,
326 3459 359 3510 ut
370 3451 447 3512 inter
458 3452 566 3526 epuias
575 3451 711 3510 Graccho
724 3451 986 3512 fiiiamhiricanus
995 3451 1127 3526 despon-
