2482 3900
287 167 404 230 LIBER
417 169 536 232 XXXII.
559 171 643 232 cAP.
659 182 684 234 1.
696 181 722 234 2·
744 175 782 242 ia.
796 180 902 250 0199]
1033 177 1076 244 47

95 320 233 383 Sardinia
247 321 402 396 stipendia
416 338 474 397 per
488 323 599 383 multos
614 339 713 384 annos
729 326 884 401 fecissent,
899 344 1005 404 agrum
1021 331 1074 390 ad-

93 406 272 480 signandum
298 412 434 476 auraret;
465 406 498 480 Q.
519 405 669 482 Minucio,
696 410 778 470 utin
798 411 912 474 Brutiis
933 413 1014 472 idem
1036 415 1075 473 de

92 489 352 550 coniurationibus
369 490 578 566 quaestiones,
598 509 676 567 quas
692 501 816 568 praetor
831 509 900 556 eunt
911 495 974 558 fide
986 512 1073 557 aura·

90 587 148 648 que
169 573 376 649 exercuisset,
398 574 577 650 perficeret,
598 582 629 636 et
649 591 705 638 eos
727 595 807 654 quos
822 579 976 654 sacrilegii
991 596 1072 642 com-

89 664 193 731 pertos
214 657 244 716 in
266 657 398 720 vinculis
420 659 549 719 Romam
569 659 720 735 misisset,
745 661 863 724 Locros
884 663 1014 726 mitteret
1033 665 1075 724 ad

88 740 289 817 supplicium,
321 758 464 820 quaeque
493 743 615 804 sublata
643 761 682 804 ex
699 746 841 826 ‚delubro
868 746 1073 824 Proserpinae

89 832 208 899 essent,
230 827 502 902 reponendarum
524 828 655 903 piaculis
677 838 806 890 curaret.
838 831 934 892 leriae
947 829 1074 892 Latinae

86 909 263 984 pontificum
280 911 404 973 decreto
419 911 605 972 instauratae
619 919 700 987 sunt,
716 915 801 989 quod
816 915 907 990 legati
918 915 957 976 ab
969 917 1074 976 Ardea

87 994 186 1068 questi
206 993 238 1054 in
259 1003 370 1058 senatu
389 1003 476 1056 erant
496 996 555 1056 sibi
574 996 604 1055 in
619 1003 723 1058 monte
736 998 858 1060 Albano
875 999 990 1058 Latinis
1007 1017 1072 1062 aar·

87 1094 163 1152 nent,
180 1086 216 1138 ut
228 1078 359 1154 adsolet,
375 1079 476 1140 deum
491 1095 553 1139 non
568 1095 650 1140 esse.

167 1163 217 1223 Ab
232 1162 350 1224 Suessa
360 1163 529 1224 nuntiatum
544 1169 592 1224 est
607 1165 685 1224 duas
701 1172 817 1240 portas,
833 1167 981 1242 quodque
995 1167 1073 1228 inter

88 1262 139 1306 eas
153 1248 234 1308 muri
249 1254 324 1322 erat,
339 1248 378 1308 de
394 1248 480 1310 eaelo
494 1254 625 1320 taotum3
646 1255 677 1310 et
689 1248 842 1310 Formiani
857 1250 949 1324 legati
963 1251 1072 1310 aedem

86 1331 183 1405 lovis,
204 1333 277 1393 item
294 1331 453 1394 Ostienses
468 1333 577 1394 aedem
590 1333 688 1406 lovis,
710 1341 741 1394 et
756 1333 904 1392 Veliterni
918 1334 1072 1408 Apollinis

85 1422 113 1476 et
127 1414 254 1491 Sangus
271 1417 375 1492 aedes,
391 1423 423 1477 et
434 1418 466 1478 in
477 1417 618 1478 Herculis
634 1411 712 1478 aede
727 1417 871 1493 capillum
887 1425 1026 1487 enatum;
1042 1426 1070 1478 e·

85 1516 122 1560 ex
135 1501 253 1561 Brutiis
275 1501 313 1560 ab
335 1501 370 1575 Q.
384 1501 519 1564 Minucio
538 1506 741 1577 propraetore
761 1501 910 1578 seriptum
931 1503 1071 1562 eouleutr

84 1600 152 1644 ourn
170 1585 307 1660 quinque
328 1585 477 1660 pedibus,
499 1587 602 1660 pullos
616 1586 806 1661 gallinaceos
819 1586 875 1646 tris
890 1602 960 1646 etun
974 1587 1071 1646 tarnis

83 1667 217 1743 pedibus
240 1677 329 1730 natos
351 1685 433 1731 esse.
469 1685 488 1729 a
502 1670 534 1730 P.
550 1667 697 1745 Sulpicio,
712 1670 900 1745 proconsule
915 1685 955 1730 ex
969 1669 1069 1730 Mace-

83 1753 178 1812 donia
194 1753 311 1814 litterae
326 1755 455 1824 adlatae,
471 1754 503 1814 in
517 1753 629 1830 quibus
641 1753 718 1814 inter
730 1761 833 1814 cetera
844 1755 993 1829 seriptum
1006 1761 1072 1815 erat

83 1840 222 1898 tauream
242 1839 273 1898 in
295 1840 394 1914 puppi
415 1837 503 1898 navis
525 1840 637 1913 longae
652 1844 781 1898 enatam.
815 1839 951 1913 priorum
968 1839 1070 1913 prodi·

81 1923 204 1995 giorum
222 1938 318 1984 eausa
337 1929 464 1983 senatus
487 1927 663 1995 censuerat,
683 1927 717 1982 ut
735 1923 880 1982 eonsules
902 1921 1070 1983 maioribus

81 2006 203 2080 hostiis,
220 2007 333 2082 quibus
348 2007 407 2067 diis
421 2007 585 2080 videretur,
601 2005 820 2066 sacrificarent
847 2005 887 2066 ob
901 2005 961 2066 hoo
975 2021 1071 2066 unum

80 2089 261 2165 prodigium
286 2091 469 2166 horuspices
494 2090 524 2150 in
545 2096 687 2150 senatum
708 2089 825 2162 vocati,
850 2095 943 2165 atque
961 2105 1001 2150 ex
1021 2104 1070 2149 re·

80 2190 205 2250 sponso
221 2190 326 2236 eorum
341 2173 525 2250 supplicatio
540 2175 657 2250 populo
673 2173 705 2232 in
720 2174 800 2234 diem
815 2189 911 2234 ununr
926 2174 1026 2234 edicta
1040 2179 1072 2233 et

81 2260 120 2318 ad
138 2259 246 2320 omnia
260 2258 434 2334 pulvinaria
446 2273 498 2318 res
513 2257 634 2318 divinae
650 2259 757 2318 laetae.

169 2343 206 2400 lt.
235 2343 502 2418 Carthaginienses
516 2357 554 2404 eo
569 2358 650 2403 anno
666 2348 824 2416 argentum
839 2341 869 2400 in
885 2341 1071 2416 stipendium

79 2427 261 2502 impositum
279 2427 410 2502 primurn
423 2429 553 2488 Romam
568 2427 768 2486 advexerunt.
805 2425 837 2484 id
853 2424 925 2499 quia
939 2423 1070 2498 probum

78 2527 143 2572 non
173 2527 246 2572 esse
275 2519 456 2586 quaestores
484 2510 748 2582 renuntiaverant,
777 2507 1070 2582 experientibusque

78 2611 159 2669 pars
181 2603 291 2670 quarto
309 2597 436 2657 decocta
452 2601 531 2666 erat,
553 2591 685 2669 pecunia
699 2592 816 2651 Romae
829 2596 934 2650 rnutua
948 2595 1071 2665 sumpta

78 2680 337 2740 intertrimentum
363 2680 480 2756 argenti
506 2678 717 2754 expleverunt
753 2673 927 2750 petentibus
948 2673 1069 2749 deinde,

77 2773 119 2838 ut,
136 2763 168 2823 si
181 2764 242 2824 iarn
253 2764 408 2824 videretur
420 2763 546 2835 senatui,
565 2761 691 2824 obsides
703 2759 762 2820 sibi
772 2759 982 2833 redderentur,
999 2773 1069 2818 oen·

79 2856 147 2908 tum
168 2848 280 2908 redditi
302 2847 442 2908 obsidem
465 2849 505 2908 de
526 2846 651 2918 ceteris,
673 2844 701 2904 si
721 2843 752 2903 in
766 2843 828 2904 fide
843 2848 1066 2918 permanerent,

78 2949 158 3008 spes
173 2934 263 2994 iaetu.
294 2932 467 3008 petentibus
482 2932 595 3006 isdem,
618 2929 671 3005 qui
686 2945 748 2990 non
763 2927 971 2988 reddebantur
986 2927 1069 2988 obsi·

80 3017 151 3092 des,
165 3023 200 3077 ut
214 3017 254 3076 ab
267 3015 379 3092 Norba,
394 3017 447 3077 ubi
462 3032 570 3094 parurn
585 3013 747 3076 commode
761 3017 875 3086 essent,
890 3013 950 3074 aiio
964 3013 1068 3073 tradu-

79 3108 236 3175 cerentur,
253 3116 447 3174 conoessum,
461 3106 495 3161 ut
506 3099 640 3174 Signiam
651 3103 681 3158 et
691 3096 884 3158 Ferentinum
894 3095 1068 3157 transirent.

81 3185 244 3247 Gaditanis
259 3187 331 3246 itern
345 3185 519 3261 petentibus
533 3183 712 3256 remissum,
728 3197 767 3242 ne
781 3180 956 3257 praelectus
972 3177 1068 3239 Gadis

78 3270 267 3344 mitteretur,
289 3271 441 3330 adversus
462 3268 494 3328 id
515 3268 599 3343 quod
613 3266 651 3327 iis
666 3265 803 3326 infidam
817 3264 925 3340 populi
938 3259 1069 3322 Romani

82 3353 281 3416 venientibus
302 3371 371 3414 cum
384 3353 417 3412 L.
432 3351 547 3412 Mareia
564 3349 700 3426 Septimo
716 3349 920 3409 convenisset
950 3351 981 3406 et
992 3344 1067 3405 Nar·

80 3437 237 3498 niensium
263 3439 370 3512 legatis
397 3437 595 3513 querentibus
617 3434 836 3495 adnumerum
858 3428 917 3490 sibi
938 3431 1068 3491 colonos
