<?xml version="1.0" encoding="UTF-8"?>
<!DOCTYPE html PUBLIC "-//W3C//DTD XHTML 1.0 Transitional//EN"
    "http://www.w3.org/TR/xhtml1/DTD/xhtml1-transitional.dtd">
<html xmlns="http://www.w3.org/1999/xhtml" xml:lang="en" lang="en">
 <head>
  <title>
</title>
<meta http-equiv="Content-Type" content="text/html;charset=utf-8" />
  <meta name='ocr-system' content='tesseract 3.04.00' />
  <meta name='ocr-capabilities' content='ocr_page ocr_carea ocr_par ocr_line ocrx_word'/>
</head>
<body>
  <div class='ocr_page' id='page_1' title='image "./titiliviaburbec08livygoog_0260.png"; bbox 0 0 2480 3904; ppageno 0'>
   <div class='ocr_carea' id='block_1_1' title="bbox 259 163 1082 238">
    <p class='ocr_par' dir='ltr' id='par_1_1' title="bbox 259 163 1082 238">
     <span class='ocr_line' id='line_1_1' title="bbox 259 163 1082 238; baseline 0.005 -14"><span class='ocrx_word' id='word_1_1' title='bbox 259 163 389 224; x_wconf 74' lang='lat' dir='ltr'><strong>alana</strong></span> <span class='ocrx_word' id='word_1_2' title='bbox 398 164 533 224; x_wconf 77' lang='lat' dir='ltr'><strong>xxxvl.</strong></span> <span class='ocrx_word' id='word_1_3' title='bbox 550 163 632 224; x_wconf 83' lang='lat' dir='ltr'><strong>cAP.</strong></span> <span class='ocrx_word' id='word_1_4' title='bbox 645 172 688 224; x_wconf 81' lang='grc' dir='ltr'><strong>ιο.</strong></span> <span class='ocrx_word' id='word_1_5' title='bbox 701 172 743 226; x_wconf 90' lang='lat'><strong>11.</strong></span> <span class='ocrx_word' id='word_1_6' title='bbox 760 170 905 238; x_wconf 67' lang='lat' dir='ltr'><strong>[acuar]</strong></span> <span class='ocrx_word' id='word_1_7' title='bbox 1020 164 1082 228; x_wconf 70' lang='lat'><strong>231</strong></span> 
     </span>
    </p>
   </div>
   <div class='ocr_carea' id='block_1_2' title="bbox 94 313 1112 3403">
    <p class='ocr_par' dir='ltr' id='par_1_2' title="bbox 95 313 1094 460">
     <span class='ocr_line' id='line_1_2' title="bbox 95 313 1094 389; baseline 0.001 -14"><span class='ocrx_word' id='word_1_8' title='bbox 95 322 171 376; x_wconf 82' lang='lat' dir='ltr'><strong>rant</strong></span> <span class='ocrx_word' id='word_1_9' title='bbox 184 313 312 387; x_wconf 84' lang='lat' dir='ltr'><strong>linibus,</strong></span> <span class='ocrx_word' id='word_1_10' title='bbox 336 321 366 375; x_wconf 90' lang='lat' dir='ltr'><strong>et</strong></span> <span class='ocrx_word' id='word_1_11' title='bbox 386 314 465 376; x_wconf 89' lang='lat' dir='ltr'><strong>intra</strong></span> <span class='ocrx_word' id='word_1_12' title='bbox 484 315 605 376; x_wconf 88' lang='lat' dir='ltr'><strong>maenia</strong></span> <span class='ocrx_word' id='word_1_13' title='bbox 626 313 813 389; x_wconf 79' lang='lat' dir='ltr'><strong>praesidium</strong></span> <span class='ocrx_word' id='word_1_14' title='bbox 828 315 1000 376; x_wconf 88' lang='lat' dir='ltr'><strong>Romanurn</strong></span> <span class='ocrx_word' id='word_1_15' title='bbox 1018 330 1094 376; x_wconf 85' lang='lat' dir='ltr'><strong>cer--</strong></span> 
     </span>
     <span class='ocr_line' id='line_1_3' title="bbox 96 399 226 460; baseline -0.008 -1"><span class='ocrx_word' id='word_1_16' title='bbox 96 399 226 460; x_wconf 88' lang='lat' dir='ltr'><strong>nebant.</strong></span> 
     </span>
    </p>

    <p class='ocr_par' dir='ltr' id='par_1_3' title="bbox 94 478 1112 3403">
     <span class='ocr_line' id='line_1_4' title="bbox 184 478 1083 557; baseline 0 -15"><span class='ocrx_word' id='word_1_17' title='bbox 184 481 235 542; x_wconf 82' lang='lat' dir='ltr'><strong>XI.</strong></span> <span class='ocrx_word' id='word_1_18' title='bbox 263 481 331 542; x_wconf 83' lang='lat' dir='ltr'><strong>Rex</strong></span> <span class='ocrx_word' id='word_1_19' title='bbox 346 478 519 544; x_wconf 85' lang='lat' dir='ltr'><strong>Chalcidem</strong></span> <span class='ocrx_word' id='word_1_20' title='bbox 534 481 760 544; x_wconf 78' lang='lat' dir='ltr'><strong>allemctriade</strong></span> <span class='ocrx_word' id='word_1_21' title='bbox 780 482 954 557; x_wconf 85' lang='lat' dir='ltr'><strong>proiectus,</strong></span> <span class='ocrx_word' id='word_1_22' title='bbox 978 497 1083 543; x_wconf 90' lang='lat' dir='ltr'><strong>amoro</strong></span> 
     </span>
     <span class='ocr_line' id='line_1_5' title="bbox 94 563 1083 642; baseline -0.001 -15"><span class='ocrx_word' id='word_1_23' title='bbox 94 573 214 642; x_wconf 84' lang='lat' dir='ltr'><strong>captus</strong></span> <span class='ocrx_word' id='word_1_24' title='bbox 233 563 360 639; x_wconf 69' lang='lat' dir='ltr'><strong>virginis</strong></span> <span class='ocrx_word' id='word_1_25' title='bbox 376 563 585 628; x_wconf 78' lang='lat' dir='ltr'><strong>chalcidensis</strong></span> <span class='ocrx_word' id='word_1_26' title='bbox 599 565 800 641; x_wconf 75' lang='lat' dir='ltr'>Cleoptolemi</span> <span class='ocrx_word' id='word_1_27' title='bbox 820 564 916 638; x_wconf 84' lang='lat' dir='ltr'><strong>filiae,</strong></span> <span class='ocrx_word' id='word_1_28' title='bbox 939 581 1007 626; x_wconf 81' lang='lat' dir='ltr'><strong>etun</strong></span> <span class='ocrx_word' id='word_1_29' title='bbox 1028 581 1083 642; x_wconf 86' lang='lat' dir='ltr'><strong>pa·</strong></span> 
     </span>
     <span class='ocr_line' id='line_1_6' title="bbox 95 647 1082 726; baseline -0.001 -15"><span class='ocrx_word' id='word_1_30' title='bbox 95 661 180 712; x_wconf 88' lang='lat' dir='ltr'><strong>trem</strong></span> <span class='ocrx_word' id='word_1_31' title='bbox 194 651 293 726; x_wconf 87' lang='lat' dir='ltr'><strong>primo</strong></span> <span class='ocrx_word' id='word_1_32' title='bbox 308 647 497 722; x_wconf 72' lang='lat' dir='ltr'><strong>adleganda,</strong></span> <span class='ocrx_word' id='word_1_33' title='bbox 520 651 633 712; x_wconf 84' lang='lat' dir='ltr'><strong>deinde</strong></span> <span class='ocrx_word' id='word_1_34' title='bbox 653 666 757 713; x_wconf 85' lang='lat' dir='ltr'><strong>coram</strong></span> <span class='ocrx_word' id='word_1_35' title='bbox 777 648 847 724; x_wconf 85' lang='lat' dir='ltr'><strong>ipae</strong></span> <span class='ocrx_word' id='word_1_36' title='bbox 860 651 1000 725; x_wconf 80' lang='lat' dir='ltr'><strong>rogando</strong></span> <span class='ocrx_word' id='word_1_37' title='bbox 1015 648 1082 710; x_wconf 90' lang='lat' dir='ltr'><strong>lati-</strong></span> 
     </span>
     <span class='ocr_line' id='line_1_7' title="bbox 95 732 1083 809; baseline -0.002 -16"><span class='ocrx_word' id='word_1_38' title='bbox 95 743 222 809; x_wconf 83' lang='lat' dir='ltr'><strong>gasset,</strong></span> <span class='ocrx_word' id='word_1_39' title='bbox 248 732 375 794; x_wconf 85' lang='lat' dir='ltr'><strong>invitum</strong></span> <span class='ocrx_word' id='word_1_40' title='bbox 396 749 431 794; x_wconf 88' lang='lat' dir='ltr'><strong>ee</strong></span> <span class='ocrx_word' id='word_1_41' title='bbox 445 733 596 808; x_wconf 73' lang='lat' dir='ltr'><strong>grauioris</strong></span> <span class='ocrx_word' id='word_1_42' title='bbox 616 735 757 796; x_wconf 81' lang='lat' dir='ltr'><strong>fortunae</strong></span> <span class='ocrx_word' id='word_1_43' title='bbox 771 733 944 796; x_wconf 85' lang='lat' dir='ltr'><strong>condicioni</strong></span> <span class='ocrx_word' id='word_1_44' title='bbox 964 732 1083 808; x_wconf 80' lang='lat' dir='ltr'><strong>illigan-</strong></span> 
     </span>
     <span class='ocr_line' id='line_1_8' title="bbox 97 815 1081 894; baseline -0.001 -17"><span class='ocrx_word' id='word_1_45' title='bbox 97 828 177 890; x_wconf 90' lang='lat' dir='ltr'><strong>tem‚</strong></span> <span class='ocrx_word' id='word_1_46' title='bbox 193 817 317 876; x_wconf 81' lang='lat' dir='ltr'><strong>modom</strong></span> <span class='ocrx_word' id='word_1_47' title='bbox 330 815 490 890; x_wconf 86' lang='lat' dir='ltr'><strong>impetrata</strong></span> <span class='ocrx_word' id='word_1_48' title='bbox 503 834 538 878; x_wconf 91' lang='lat' dir='ltr'><strong>re</strong></span> <span class='ocrx_word' id='word_1_49' title='bbox 548 827 702 894; x_wconf 76' lang='lat' dir='ltr'><strong>tamquam</strong></span> <span class='ocrx_word' id='word_1_50' title='bbox 712 819 744 878; x_wconf 91' lang='lat' dir='ltr'><strong>in</strong></span> <span class='ocrx_word' id='word_1_51' title='bbox 756 817 858 878; x_wconf 90' lang='lat' dir='ltr'><strong>media</strong></span> <span class='ocrx_word' id='word_1_52' title='bbox 868 833 947 893; x_wconf 86' lang='lat' dir='ltr'><strong>pace</strong></span> <span class='ocrx_word' id='word_1_53' title='bbox 959 817 1081 892; x_wconf 85' lang='lat' dir='ltr'><strong>nuptias</strong></span> 
     </span>
     <span class='ocr_line' id='line_1_9' title="bbox 95 899 1081 977; baseline 0.002 -17"><span class='ocrx_word' id='word_1_54' title='bbox 95 901 253 971; x_wconf 62' lang='lat' dir='ltr'><strong>celebrae</strong></span> <span class='ocrx_word' id='word_1_55' title='bbox 272 899 465 974; x_wconf 84' lang='lat' dir='ltr'><strong>etreliqurun</strong></span> <span class='ocrx_word' id='word_1_56' title='bbox 476 901 600 976; x_wconf 75' lang='lat' dir='ltr'><strong>hiemiS,</strong></span> <span class='ocrx_word' id='word_1_57' title='bbox 616 903 743 976; x_wconf 87' lang='lat' dir='ltr'><strong>oblitus,</strong></span> <span class='ocrx_word' id='word_1_58' title='bbox 758 907 888 977; x_wconf 87' lang='lat' dir='ltr'><strong>quantas</strong></span> <span class='ocrx_word' id='word_1_59' title='bbox 899 901 991 962; x_wconf 91' lang='lat' dir='ltr'><strong>simul</strong></span> <span class='ocrx_word' id='word_1_60' title='bbox 1003 901 1081 962; x_wconf 83' lang='lat' dir='ltr'><strong>duas</strong></span> 
     </span>
     <span class='ocr_line' id='line_1_10' title="bbox 95 984 1081 1058; baseline 0.002 -14"><span class='ocrx_word' id='word_1_61' title='bbox 95 999 153 1044; x_wconf 87' lang='lat' dir='ltr'><strong>res</strong></span> <span class='ocrx_word' id='word_1_62' title='bbox 174 984 382 1058; x_wconf 67' lang='lat' dir='ltr'>suscepisset,</span> <span class='ocrx_word' id='word_1_63' title='bbox 404 984 515 1046; x_wconf 87' lang='lat' dir='ltr'><strong>bellurn</strong></span> <span class='ocrx_word' id='word_1_64' title='bbox 535 985 706 1046; x_wconf 88' lang='lat' dir='ltr'><strong>Romanum</strong></span> <span class='ocrx_word' id='word_1_65' title='bbox 725 991 758 1046; x_wconf 89' lang='lat' dir='ltr'><strong>et</strong></span> <span class='ocrx_word' id='word_1_66' title='bbox 772 985 931 1046; x_wconf 85' lang='lat' dir='ltr'><strong>Graeciam</strong></span> <span class='ocrx_word' id='word_1_67' title='bbox 951 986 1081 1046; x_wconf 90' lang='lat' dir='ltr'><strong>liberan-</strong></span> 
     </span>
     <span class='ocr_line' id='line_1_11' title="bbox 96 1067 1081 1138; baseline 0 -10"><span class='ocrx_word' id='word_1_68' title='bbox 96 1069 188 1138; x_wconf 89' lang='lat' dir='ltr'><strong>dam,</strong></span> <span class='ocrx_word' id='word_1_69' title='bbox 209 1069 327 1128; x_wconf 84' lang='lat' dir='ltr'><strong>omissa</strong></span> <span class='ocrx_word' id='word_1_70' title='bbox 347 1067 481 1130; x_wconf 83' lang='lat' dir='ltr'><strong>oninium</strong></span> <span class='ocrx_word' id='word_1_71' title='bbox 500 1085 603 1130; x_wconf 90' lang='lat' dir='ltr'><strong>rerum</strong></span> <span class='ocrx_word' id='word_1_72' title='bbox 622 1085 696 1130; x_wconf 87' lang='lat' dir='ltr'><strong>cura</strong></span> <span class='ocrx_word' id='word_1_73' title='bbox 715 1069 746 1128; x_wconf 93' lang='lat' dir='ltr'><strong>in</strong></span> <span class='ocrx_word' id='word_1_74' title='bbox 768 1067 917 1130; x_wconf 89' lang='lat' dir='ltr'><strong>conviviis</strong></span> <span class='ocrx_word' id='word_1_75' title='bbox 932 1077 962 1130; x_wconf 90' lang='lat' dir='ltr'><strong>ct</strong></span> <span class='ocrx_word' id='word_1_76' title='bbox 975 1069 1081 1129; x_wconf 87' lang='lat' dir='ltr'><strong>vinum</strong></span> 
     </span>
     <span class='ocr_line' id='line_1_12' title="bbox 94 1151 1080 1226; baseline -0.001 -14"><span class='ocrx_word' id='word_1_77' title='bbox 94 1151 305 1226; x_wconf 81' lang='lat' dir='ltr'><strong>sequentihus</strong></span> <span class='ocrx_word' id='word_1_78' title='bbox 327 1151 534 1226; x_wconf 83' lang='lat' dir='ltr'><strong>voluptatibus</strong></span> <span class='ocrx_word' id='word_1_79' title='bbox 555 1169 592 1215; x_wconf 90' lang='lat' dir='ltr'><strong>ac</strong></span> <span class='ocrx_word' id='word_1_80' title='bbox 607 1153 719 1214; x_wconf 89' lang='lat' dir='ltr'><strong>deiude</strong></span> <span class='ocrx_word' id='word_1_81' title='bbox 736 1167 776 1212; x_wconf 89' lang='lat' dir='ltr'><strong>ex</strong></span> <span class='ocrx_word' id='word_1_82' title='bbox 792 1151 968 1226; x_wconf 74' lang='lat' dir='ltr'><strong>fatigatione</strong></span> <span class='ocrx_word' id='word_1_83' title='bbox 983 1153 1080 1226; x_wconf 78' lang='lat' dir='ltr'><strong>magis</strong></span> 
     </span>
     <span class='ocr_line' id='line_1_13' title="bbox 94 1235 1081 1310; baseline 0 -14"><span class='ocrx_word' id='word_1_84' title='bbox 94 1252 196 1310; x_wconf 87' lang='lat' dir='ltr'><strong>quam</strong></span> <span class='ocrx_word' id='word_1_85' title='bbox 217 1238 355 1298; x_wconf 87' lang='lat' dir='ltr'><strong>satietate</strong></span> <span class='ocrx_word' id='word_1_86' title='bbox 376 1251 481 1299; x_wconf 83' lang='lat' dir='ltr'><strong>aarum</strong></span> <span class='ocrx_word' id='word_1_87' title='bbox 500 1238 531 1296; x_wconf 89' lang='lat' dir='ltr'><strong>in</strong></span> <span class='ocrx_word' id='word_1_88' title='bbox 552 1253 661 1298; x_wconf 85' lang='lat' dir='ltr'><strong>somno</strong></span> <span class='ocrx_word' id='word_1_89' title='bbox 681 1236 824 1298; x_wconf 83' lang='lat' dir='ltr'><strong>traduxit.</strong></span> <span class='ocrx_word' id='word_1_90' title='bbox 857 1235 965 1297; x_wconf 87' lang='lat' dir='ltr'><strong>eadem</strong></span> <span class='ocrx_word' id='word_1_91' title='bbox 981 1237 1081 1296; x_wconf 83' lang='lat' dir='ltr'><strong>omnia</strong></span> 
     </span>
     <span class='ocr_line' id='line_1_14' title="bbox 95 1319 1081 1396; baseline 0.004 -18"><span class='ocrx_word' id='word_1_92' title='bbox 95 1320 276 1394; x_wconf 79' lang='lat' dir='ltr'><strong>praefectos</strong></span> <span class='ocrx_word' id='word_1_93' title='bbox 287 1319 401 1394; x_wconf 82' lang='lat' dir='ltr'><strong>regios,</strong></span> <span class='ocrx_word' id='word_1_94' title='bbox 417 1321 469 1395; x_wconf 89' lang='lat' dir='ltr'><strong>qui</strong></span> <span class='ocrx_word' id='word_1_95' title='bbox 480 1321 605 1396; x_wconf 83' lang='lat' dir='ltr'><strong>ubique,</strong></span> <span class='ocrx_word' id='word_1_96' title='bbox 617 1321 657 1382; x_wconf 91' lang='lat' dir='ltr'><strong>ad</strong></span> <span class='ocrx_word' id='word_1_97' title='bbox 667 1321 827 1382; x_wconf 81' lang='lat' dir='ltr'><strong>Boeotiam</strong></span> <span class='ocrx_word' id='word_1_98' title='bbox 838 1320 978 1392; x_wconf 85' lang='lat' dir='ltr'><strong>maxime,</strong></span> <span class='ocrx_word' id='word_1_99' title='bbox 992 1335 1081 1395; x_wconf 87' lang='lat' dir='ltr'><strong>prae·</strong></span> 
     </span>
     <span class='ocr_line' id='line_1_15' title="bbox 96 1403 1081 1480; baseline 0 -16"><span class='ocrx_word' id='word_1_100' title='bbox 96 1404 196 1478; x_wconf 86' lang='lat' dir='ltr'><strong>positi</strong></span> <span class='ocrx_word' id='word_1_101' title='bbox 211 1403 346 1463; x_wconf 89' lang='lat' dir='ltr'><strong>hibernis</strong></span> <span class='ocrx_word' id='word_1_102' title='bbox 361 1412 462 1477; x_wconf 88' lang='lat' dir='ltr'><strong>erant,</strong></span> <span class='ocrx_word' id='word_1_103' title='bbox 484 1405 566 1480; x_wconf 88' lang='lat' dir='ltr'><strong>capit</strong></span> <span class='ocrx_word' id='word_1_104' title='bbox 578 1405 713 1474; x_wconf 86' lang='lat' dir='ltr'><strong>luxuria;</strong></span> <span class='ocrx_word' id='word_1_105' title='bbox 734 1404 765 1464; x_wconf 89' lang='lat' dir='ltr'><strong>in</strong></span> <span class='ocrx_word' id='word_1_106' title='bbox 782 1404 912 1464; x_wconf 89' lang='lat' dir='ltr'><strong>eandem</strong></span> <span class='ocrx_word' id='word_1_107' title='bbox 927 1411 957 1463; x_wconf 91' lang='lat' dir='ltr'><strong>et</strong></span> <span class='ocrx_word' id='word_1_108' title='bbox 971 1404 1081 1464; x_wconf 86' lang='lat' dir='ltr'><strong>milites</strong></span> 
     </span>
     <span class='ocr_line' id='line_1_16' title="bbox 94 1486 1083 1563; baseline 0.002 -17"><span class='ocrx_word' id='word_1_109' title='bbox 94 1486 194 1548; x_wconf 84' lang='lat' dir='ltr'><strong>effusi</strong></span> <span class='ocrx_word' id='word_1_110' title='bbox 208 1494 293 1548; x_wconf 78' lang='lat' dir='ltr'><strong>sunt:</strong></span> <span class='ocrx_word' id='word_1_111' title='bbox 315 1503 372 1547; x_wconf 90' lang='lat' dir='ltr'><strong>nac</strong></span> <span class='ocrx_word' id='word_1_112' title='bbox 394 1489 557 1563; x_wconf 69' lang='lat' dir='ltr'><strong>qumquam</strong></span> <span class='ocrx_word' id='word_1_113' title='bbox 577 1503 683 1550; x_wconf 89' lang='lat' dir='ltr'><strong>eorum</strong></span> <span class='ocrx_word' id='word_1_114' title='bbox 704 1496 756 1550; x_wconf 89' lang='lat' dir='ltr'><strong>aut</strong></span> <span class='ocrx_word' id='word_1_115' title='bbox 769 1504 854 1548; x_wconf 89' lang='lat' dir='ltr'><strong>arma</strong></span> <span class='ocrx_word' id='word_1_116' title='bbox 874 1488 1009 1559; x_wconf 87' lang='lat' dir='ltr'><strong>induxit,</strong></span> <span class='ocrx_word' id='word_1_117' title='bbox 1030 1494 1083 1548; x_wconf 89' lang='lat' dir='ltr'><strong>aut</strong></span> 
     </span>
     <span class='ocr_line' id='line_1_17' title="bbox 97 1569 1082 1647; baseline 0.002 -17"><span class='ocrx_word' id='word_1_118' title='bbox 97 1573 265 1632; x_wconf 87' lang='lat' dir='ltr'><strong>stationem</strong></span> <span class='ocrx_word' id='word_1_119' title='bbox 280 1580 332 1632; x_wconf 90' lang='lat' dir='ltr'><strong>aut</strong></span> <span class='ocrx_word' id='word_1_120' title='bbox 344 1569 464 1646; x_wconf 74' lang='lat' dir='ltr'><strong>vigilias</strong></span> <span class='ocrx_word' id='word_1_121' title='bbox 482 1572 630 1646; x_wconf 84' lang='lat' dir='ltr'><strong>servavit,</strong></span> <span class='ocrx_word' id='word_1_122' title='bbox 658 1580 710 1638; x_wconf 88' lang='lat' dir='ltr'><strong>aut</strong></span> <span class='ocrx_word' id='word_1_123' title='bbox 725 1573 890 1647; x_wconf 90' lang='lat' dir='ltr'><strong>quicquam</strong></span> <span class='ocrx_word' id='word_1_124' title='bbox 906 1571 991 1646; x_wconf 89' lang='lat' dir='ltr'><strong>quod</strong></span> <span class='ocrx_word' id='word_1_125' title='bbox 1006 1571 1082 1632; x_wconf 90' lang='lat' dir='ltr'><strong>mili·</strong></span> 
     </span>
     <span class='ocr_line' id='line_1_18' title="bbox 95 1654 1081 1731; baseline 0 -16"><span class='ocrx_word' id='word_1_126' title='bbox 95 1655 175 1716; x_wconf 89' lang='lat' dir='ltr'><strong>taris</strong></span> <span class='ocrx_word' id='word_1_127' title='bbox 188 1656 291 1730; x_wconf 85' lang='lat' dir='ltr'><strong>operis</strong></span> <span class='ocrx_word' id='word_1_128' title='bbox 307 1663 360 1716; x_wconf 89' lang='lat' dir='ltr'><strong>aut</strong></span> <span class='ocrx_word' id='word_1_129' title='bbox 369 1657 504 1716; x_wconf 89' lang='lat' dir='ltr'><strong>muueris</strong></span> <span class='ocrx_word' id='word_1_130' title='bbox 516 1664 601 1716; x_wconf 85' lang='lat' dir='ltr'><strong>esset</strong></span> <span class='ocrx_word' id='word_1_131' title='bbox 611 1657 692 1720; x_wconf 86' lang='lat' dir='ltr'><strong>lecit.</strong></span> <span class='ocrx_word' id='word_1_132' title='bbox 710 1657 814 1731; x_wconf 86' lang='lat' dir='ltr'><strong>itaque</strong></span> <span class='ocrx_word' id='word_1_133' title='bbox 827 1654 978 1730; x_wconf 90' lang='lat' dir='ltr'><strong>principio</strong></span> <span class='ocrx_word' id='word_1_134' title='bbox 990 1655 1081 1730; x_wconf 85' lang='lat' dir='ltr'><strong>reris,</strong></span> 
     </span>
     <span class='ocr_line' id='line_1_19' title="bbox 95 1738 1082 1814; baseline 0.002 -16"><span class='ocrx_word' id='word_1_135' title='bbox 95 1754 171 1798; x_wconf 91' lang='lat' dir='ltr'><strong>curn</strong></span> <span class='ocrx_word' id='word_1_136' title='bbox 192 1754 249 1813; x_wconf 85' lang='lat' dir='ltr'><strong>per</strong></span> <span class='ocrx_word' id='word_1_137' title='bbox 262 1738 428 1800; x_wconf 78' lang='lat' dir='ltr'><strong>Phocidem</strong></span> <span class='ocrx_word' id='word_1_138' title='bbox 444 1738 666 1814; x_wconf 81' lang='lat' dir='ltr'><strong>Chaeroneam,</strong></span> <span class='ocrx_word' id='word_1_139' title='bbox 692 1755 753 1814; x_wconf 90' lang='lat' dir='ltr'><strong>quo</strong></span> <span class='ocrx_word' id='word_1_140' title='bbox 776 1740 940 1802; x_wconf 89' lang='lat' dir='ltr'><strong>convenire</strong></span> <span class='ocrx_word' id='word_1_141' title='bbox 961 1754 1082 1800; x_wconf 88' lang='lat' dir='ltr'><strong>omnem</strong></span> 
     </span>
     <span class='ocr_line' id='line_1_20' title="bbox 97 1823 1084 1898; baseline 0 -16"><span class='ocrx_word' id='word_1_142' title='bbox 97 1823 239 1897; x_wconf 89' lang='lat' dir='ltr'><strong>undique</strong></span> <span class='ocrx_word' id='word_1_143' title='bbox 254 1825 421 1884; x_wconf 86' lang='lat' dir='ltr'><strong>exercitum</strong></span> <span class='ocrx_word' id='word_1_144' title='bbox 436 1823 583 1898; x_wconf 86' lang='lat' dir='ltr'><strong>iusserat,</strong></span> <span class='ocrx_word' id='word_1_145' title='bbox 602 1823 752 1896; x_wconf 87' lang='lat' dir='ltr'><strong>venisset,</strong></span> <span class='ocrx_word' id='word_1_146' title='bbox 768 1823 857 1883; x_wconf 87' lang='lat' dir='ltr'><strong>laoile</strong></span> <span class='ocrx_word' id='word_1_147' title='bbox 872 1823 1084 1884; x_wconf 87' lang='lat' dir='ltr'><strong>animadvertit</strong></span> 
     </span>
     <span class='ocr_line' id='line_1_21' title="bbox 96 1905 1082 1982; baseline -0.003 -16"><span class='ocrx_word' id='word_1_148' title='bbox 96 1907 197 1966; x_wconf 90' lang='lat' dir='ltr'><strong>nihilo</strong></span> <span class='ocrx_word' id='word_1_149' title='bbox 208 1907 364 1970; x_wconf 89' lang='lat' dir='ltr'><strong>severiore</strong></span> <span class='ocrx_word' id='word_1_150' title='bbox 376 1905 541 1982; x_wconf 88' lang='lat' dir='ltr'><strong>disciplina</strong></span> <span class='ocrx_word' id='word_1_151' title='bbox 550 1907 661 1968; x_wconf 85' lang='lat' dir='ltr'><strong>milites</strong></span> <span class='ocrx_word' id='word_1_152' title='bbox 670 1922 762 1982; x_wconf 90' lang='lat' dir='ltr'><strong>quarn</strong></span> <span class='ocrx_word' id='word_1_153' title='bbox 770 1907 881 1965; x_wconf 90' lang='lat' dir='ltr'><strong>ducem</strong></span> <span class='ocrx_word' id='word_1_154' title='bbox 889 1906 1082 1966; x_wconf 85' lang='lat' dir='ltr'><strong>hibernasse.</strong></span> 
     </span>
     <span class='ocr_line' id='line_1_22' title="bbox 95 1989 1084 2064; baseline -0.004 -12"><span class='ocrx_word' id='word_1_155' title='bbox 95 1990 310 2053; x_wconf 79' lang='lat' dir='ltr'><strong>Alexandrum</strong></span> <span class='ocrx_word' id='word_1_156' title='bbox 338 1990 411 2052; x_wconf 89' lang='lat' dir='ltr'><strong>inde</strong></span> <span class='ocrx_word' id='word_1_157' title='bbox 435 1992 600 2052; x_wconf 81' lang='lat' dir='ltr'><strong>Acarnana</strong></span> <span class='ocrx_word' id='word_1_158' title='bbox 624 1998 656 2052; x_wconf 89' lang='lat' dir='ltr'><strong>et</strong></span> <span class='ocrx_word' id='word_1_159' title='bbox 678 1989 858 2064; x_wconf 84' lang='lat' dir='ltr'><strong>Menippum</strong></span> <span class='ocrx_word' id='word_1_160' title='bbox 882 1989 1084 2050; x_wconf 86' lang='lat' dir='ltr'><strong>Macedonem</strong></span> 
     </span>
     <span class='ocr_line' id='line_1_23' title="bbox 97 2072 1083 2150; baseline -0.002 -16"><span class='ocrx_word' id='word_1_161' title='bbox 97 2073 236 2134; x_wconf 84' lang='lat' dir='ltr'><strong>Stratum</strong></span> <span class='ocrx_word' id='word_1_162' title='bbox 244 2075 384 2135; x_wconf 81' lang='lat' dir='ltr'><strong>Aetoliae</strong></span> <span class='ocrx_word' id='word_1_163' title='bbox 399 2075 507 2150; x_wconf 85' lang='lat' dir='ltr'><strong>copias</strong></span> <span class='ocrx_word' id='word_1_164' title='bbox 519 2075 633 2136; x_wconf 87' lang='lat' dir='ltr'><strong>ducere</strong></span> <span class='ocrx_word' id='word_1_165' title='bbox 644 2075 743 2136; x_wconf 91' lang='lat' dir='ltr'><strong>iussit.</strong></span> <span class='ocrx_word' id='word_1_166' title='bbox 765 2073 835 2148; x_wconf 92' lang='lat' dir='ltr'><strong>ipse</strong></span> <span class='ocrx_word' id='word_1_167' title='bbox 845 2072 973 2148; x_wconf 88' lang='lat' dir='ltr'><strong>Delphis</strong></span> <span class='ocrx_word' id='word_1_168' title='bbox 988 2072 1083 2134; x_wconf 81' lang='lat' dir='ltr'><strong>sacri-</strong></span> 
     </span>
     <span class='ocr_line' id='line_1_24' title="bbox 96 2155 1084 2240; baseline -0.001 -23"><span class='ocrx_word' id='word_1_169' title='bbox 96 2157 172 2218; x_wconf 84' lang='lat' dir='ltr'><strong>ficio</strong></span> <span class='ocrx_word' id='word_1_170' title='bbox 186 2158 320 2232; x_wconf 85' lang='lat' dir='ltr'><strong>Apollini</strong></span> <span class='ocrx_word' id='word_1_171' title='bbox 335 2159 416 2218; x_wconf 89' lang='lat' dir='ltr'><strong>lacto</strong></span> <span class='ocrx_word' id='word_1_172' title='bbox 430 2158 620 2240; x_wconf 87' lang='lat' dir='ltr'><strong>Naupactum</strong></span> <span class='ocrx_word' id='word_1_173' title='bbox 635 2156 797 2234; x_wconf 87' lang='lat' dir='ltr'><strong>prooessit</strong></span> <span class='ocrx_word' id='word_1_174' title='bbox 827 2155 956 2218; x_wconf 88' lang='lat' dir='ltr'><strong>oonsilio</strong></span> <span class='ocrx_word' id='word_1_175' title='bbox 971 2156 1084 2232; x_wconf 91' lang='lat' dir='ltr'><strong>princi·</strong></span> 
     </span>
     <span class='ocr_line' id='line_1_25' title="bbox 98 2241 1084 2320; baseline 0 -20"><span class='ocrx_word' id='word_1_176' title='bbox 98 2257 176 2316; x_wconf 90' lang='lat' dir='ltr'><strong>pum</strong></span> <span class='ocrx_word' id='word_1_177' title='bbox 187 2242 327 2305; x_wconf 83' lang='lat' dir='ltr'><strong>Aetoliae</strong></span> <span class='ocrx_word' id='word_1_178' title='bbox 342 2241 445 2302; x_wconf 87' lang='lat' dir='ltr'><strong>habito</strong></span> <span class='ocrx_word' id='word_1_179' title='bbox 461 2244 511 2304; x_wconf 90' lang='lat' dir='ltr'><strong>via</strong></span> <span class='ocrx_word' id='word_1_180' title='bbox 527 2259 605 2318; x_wconf 90' lang='lat' dir='ltr'><strong>qaae</strong></span> <span class='ocrx_word' id='word_1_181' title='bbox 617 2249 739 2318; x_wconf 91' lang='lat' dir='ltr'><strong>praeter</strong></span> <span class='ocrx_word' id='word_1_182' title='bbox 751 2241 941 2320; x_wconf 78' lang='lat' dir='ltr'><strong>Calydonem</strong></span> <span class='ocrx_word' id='word_1_183' title='bbox 955 2249 985 2300; x_wconf 90' lang='lat' dir='ltr'><strong>et</strong></span> <span class='ocrx_word' id='word_1_184' title='bbox 994 2241 1084 2318; x_wconf 81' lang='lat' dir='ltr'><strong>Lysi-</strong></span> 
     </span>
     <span class='ocr_line' id='line_1_26' title="bbox 96 2324 1082 2400; baseline 0 -16"><span class='ocrx_word' id='word_1_185' title='bbox 96 2325 252 2384; x_wconf 85' lang='lat' dir='ltr'><strong>machiam</strong></span> <span class='ocrx_word' id='word_1_186' title='bbox 272 2326 330 2386; x_wconf 85' lang='lat' dir='ltr'><strong>lert</strong></span> <span class='ocrx_word' id='word_1_187' title='bbox 344 2326 384 2385; x_wconf 92' lang='lat' dir='ltr'><strong>ad</strong></span> <span class='ocrx_word' id='word_1_188' title='bbox 399 2324 532 2386; x_wconf 91' lang='lat' dir='ltr'><strong>Stratum</strong></span> <span class='ocrx_word' id='word_1_189' title='bbox 552 2327 635 2400; x_wconf 88' lang='lat' dir='ltr'><strong>suis,</strong></span> <span class='ocrx_word' id='word_1_190' title='bbox 656 2327 709 2400; x_wconf 90' lang='lat' dir='ltr'><strong>qui</strong></span> <span class='ocrx_word' id='word_1_191' title='bbox 729 2341 786 2400; x_wconf 90' lang='lat' dir='ltr'><strong>per</strong></span> <span class='ocrx_word' id='word_1_192' title='bbox 800 2325 962 2386; x_wconf 85' lang='lat' dir='ltr'><strong>Maliacum</strong></span> <span class='ocrx_word' id='word_1_193' title='bbox 983 2325 1082 2386; x_wconf 88' lang='lat' dir='ltr'><strong>sinum</strong></span> 
     </span>
     <span class='ocr_line' id='line_1_27' title="bbox 96 2408 1112 2484; baseline 0.001 -18"><span class='ocrx_word' id='word_1_194' title='bbox 96 2408 274 2482; x_wconf 74' lang='lat' dir='ltr'><strong>veniebam</strong></span> <span class='ocrx_word' id='word_1_195' title='bbox 288 2411 427 2470; x_wconf 86' lang='lat' dir='ltr'><strong>occurrit.</strong></span> <span class='ocrx_word' id='word_1_196' title='bbox 449 2410 491 2470; x_wconf 90' lang='lat' dir='ltr'><strong>ibi</strong></span> <span class='ocrx_word' id='word_1_197' title='bbox 502 2409 712 2470; x_wconf 88' lang='lat' dir='ltr'><strong>Mnasilochus</strong></span> <span class='ocrx_word' id='word_1_198' title='bbox 723 2410 1083 2484; x_wconf 85' lang='lat' dir='ltr'><strong>princepsAcarnanum,</strong></span> <span class='ocrx_word' id='word_1_199' title='bbox 1110 2429 1112 2434; x_wconf 66' lang='grc'>’</span> 
     </span>
     <span class='ocr_line' id='line_1_28' title="bbox 100 2491 1083 2569; baseline -0.002 -17"><span class='ocrx_word' id='word_1_200' title='bbox 100 2493 205 2552; x_wconf 78' lang='lat' dir='ltr'><strong>multis</strong></span> <span class='ocrx_word' id='word_1_201' title='bbox 220 2501 341 2568; x_wconf 89' lang='lat' dir='ltr'><strong>emptus</strong></span> <span class='ocrx_word' id='word_1_202' title='bbox 357 2493 462 2569; x_wconf 89' lang='lat' dir='ltr'><strong>donis,</strong></span> <span class='ocrx_word' id='word_1_203' title='bbox 483 2509 545 2553; x_wconf 94' lang='lat' dir='ltr'><strong>non</strong></span> <span class='ocrx_word' id='word_1_204' title='bbox 560 2494 629 2567; x_wconf 87' lang='lat' dir='ltr'><strong>ipse</strong></span> <span class='ocrx_word' id='word_1_205' title='bbox 649 2493 750 2552; x_wconf 92' lang='lat' dir='ltr'><strong>solum</strong></span> <span class='ocrx_word' id='word_1_206' title='bbox 763 2497 885 2566; x_wconf 78' lang='lat' dir='ltr'><strong>gentem</strong></span> <span class='ocrx_word' id='word_1_207' title='bbox 899 2491 966 2566; x_wconf 84' lang='lat' dir='ltr'><strong>regi</strong></span> <span class='ocrx_word' id='word_1_208' title='bbox 981 2492 1083 2550; x_wconf 90' lang='lat' dir='ltr'><strong>conci-</strong></span> 
     </span>
     <span class='ocr_line' id='line_1_29' title="bbox 98 2575 1085 2654; baseline -0.001 -18"><span class='ocrx_word' id='word_1_209' title='bbox 98 2577 210 2650; x_wconf 87' lang='lat' dir='ltr'><strong>liabat,</strong></span> <span class='ocrx_word' id='word_1_210' title='bbox 236 2577 293 2638; x_wconf 88' lang='lat' dir='ltr'><strong>sed</strong></span> <span class='ocrx_word' id='word_1_211' title='bbox 317 2575 436 2654; x_wconf 82' lang='lat' dir='ltr'><strong>Clytum</strong></span> <span class='ocrx_word' id='word_1_212' title='bbox 456 2578 547 2637; x_wconf 87' lang='lat' dir='ltr'><strong>etiam</strong></span> <span class='ocrx_word' id='word_1_213' title='bbox 570 2584 757 2651; x_wconf 86' lang='lat' dir='ltr'><strong>praetorem,</strong></span> <span class='ocrx_word' id='word_1_214' title='bbox 785 2589 882 2649; x_wconf 88' lang='lat' dir='ltr'><strong>penes</strong></span> <span class='ocrx_word' id='word_1_215' title='bbox 909 2583 1085 2649; x_wconf 87' lang='lat' dir='ltr'><strong>quamtum</strong></span> 
     </span>
     <span class='ocr_line' id='line_1_30' title="bbox 98 2655 1084 2736; baseline -0.002 -16"><span class='ocrx_word' id='word_1_216' title='bbox 98 2677 221 2720; x_wconf 89' lang='lat' dir='ltr'><strong>summa</strong></span> <span class='ocrx_word' id='word_1_217' title='bbox 236 2667 375 2736; x_wconf 89' lang='lat' dir='ltr'><strong>potestas</strong></span> <span class='ocrx_word' id='word_1_218' title='bbox 391 2668 470 2734; x_wconf 88' lang='lat' dir='ltr'><strong>erat,</strong></span> <span class='ocrx_word' id='word_1_219' title='bbox 492 2662 523 2719; x_wconf 93' lang='lat' dir='ltr'><strong>in</strong></span> <span class='ocrx_word' id='word_1_220' title='bbox 544 2676 633 2722; x_wconf 89' lang='lat' dir='ltr'><strong>suam</strong></span> <span class='ocrx_word' id='word_1_221' title='bbox 653 2659 834 2720; x_wconf 87' lang='lat' dir='ltr'><strong>sententiam</strong></span> <span class='ocrx_word' id='word_1_222' title='bbox 848 2657 1028 2718; x_wconf 84' lang='lat' dir='ltr'><strong>adduxerat.</strong></span> <span class='ocrx_word' id='word_1_223' title='bbox 1056 2655 1084 2718; x_wconf 92' lang='lat' dir='ltr'><strong>is</strong></span> 
     </span>
     <span class='ocr_line' id='line_1_31' title="bbox 99 2741 1085 2818; baseline -0.002 -16"><span class='ocrx_word' id='word_1_224' title='bbox 99 2760 170 2806; x_wconf 89' lang='lat' dir='ltr'><strong>cum</strong></span> <span class='ocrx_word' id='word_1_225' title='bbox 186 2741 374 2818; x_wconf 87' lang='lat' dir='ltr'><strong>Leucadios,</strong></span> <span class='ocrx_word' id='word_1_226' title='bbox 398 2746 483 2818; x_wconf 86' lang='lat' dir='ltr'><strong>quod</strong></span> <span class='ocrx_word' id='word_1_227' title='bbox 502 2745 695 2804; x_wconf 86' lang='lat' dir='ltr'><strong>Acarnaniae</strong></span> <span class='ocrx_word' id='word_1_228' title='bbox 710 2750 803 2818; x_wconf 88' lang='lat' dir='ltr'><strong>caput</strong></span> <span class='ocrx_word' id='word_1_229' title='bbox 823 2749 887 2816; x_wconf 89' lang='lat' dir='ltr'><strong>est,</strong></span> <span class='ocrx_word' id='word_1_230' title='bbox 913 2755 975 2800; x_wconf 91' lang='lat' dir='ltr'><strong>non</strong></span> <span class='ocrx_word' id='word_1_231' title='bbox 997 2741 1085 2801; x_wconf 90' lang='lat' dir='ltr'><strong>lacile</strong></span> 
     </span>
     <span class='ocr_line' id='line_1_32' title="bbox 98 2825 1084 2903; baseline -0.002 -15"><span class='ocrx_word' id='word_1_232' title='bbox 98 2829 142 2888; x_wconf 91' lang='lat' dir='ltr'><strong>ad</strong></span> <span class='ocrx_word' id='word_1_233' title='bbox 157 2828 363 2888; x_wconf 85' lang='lat' dir='ltr'><strong>delectionem</strong></span> <span class='ocrx_word' id='word_1_234' title='bbox 376 2843 474 2903; x_wconf 87' lang='lat' dir='ltr'><strong>posse</strong></span> <span class='ocrx_word' id='word_1_235' title='bbox 485 2835 625 2889; x_wconf 87' lang='lat' dir='ltr'><strong>cerneret</strong></span> <span class='ocrx_word' id='word_1_236' title='bbox 634 2826 749 2903; x_wconf 85' lang='lat' dir='ltr'><strong>impelli</strong></span> <span class='ocrx_word' id='word_1_237' title='bbox 761 2833 888 2902; x_wconf 89' lang='lat' dir='ltr'><strong>propter</strong></span> <span class='ocrx_word' id='word_1_238' title='bbox 898 2833 1012 2898; x_wconf 88' lang='lat' dir='ltr'><strong>melum</strong></span> <span class='ocrx_word' id='word_1_239' title='bbox 1022 2825 1084 2886; x_wconf 86' lang='lat' dir='ltr'><strong>Ro·</strong></span> 
     </span>
     <span class='ocr_line' id='line_1_33' title="bbox 98 2910 1084 2988; baseline 0.001 -19"><span class='ocrx_word' id='word_1_240' title='bbox 98 2927 210 2972; x_wconf 86' lang='lat' dir='ltr'><strong>manac</strong></span> <span class='ocrx_word' id='word_1_241' title='bbox 232 2912 357 2984; x_wconf 82' lang='lat' dir='ltr'><strong>elassis,</strong></span> <span class='ocrx_word' id='word_1_242' title='bbox 380 2929 460 2988; x_wconf 86' lang='lat' dir='ltr'><strong>quae</strong></span> <span class='ocrx_word' id='word_1_243' title='bbox 483 2928 553 2972; x_wconf 83' lang='lat' dir='ltr'><strong>cunr</strong></span> <span class='ocrx_word' id='word_1_244' title='bbox 566 2912 658 2974; x_wconf 84' lang='lat' dir='ltr'><strong>Atilio</strong></span> <span class='ocrx_word' id='word_1_245' title='bbox 682 2926 802 2986; x_wconf 89' lang='lat' dir='ltr'><strong>quaeve</strong></span> <span class='ocrx_word' id='word_1_246' title='bbox 823 2911 905 2982; x_wconf 84' lang='lat' dir='ltr'><strong>circa</strong></span> <span class='ocrx_word' id='word_1_247' title='bbox 927 2910 1084 2986; x_wconf 86' lang='lat' dir='ltr'><strong>Cephalle-</strong></span> 
     </span>
     <span class='ocr_line' id='line_1_34' title="bbox 98 2993 1083 3071; baseline 0 -17"><span class='ocrx_word' id='word_1_248' title='bbox 98 2994 184 3054; x_wconf 90' lang='lat' dir='ltr'><strong>niam</strong></span> <span class='ocrx_word' id='word_1_249' title='bbox 199 3003 279 3068; x_wconf 87' lang='lat' dir='ltr'><strong>erat‚</strong></span> <span class='ocrx_word' id='word_1_250' title='bbox 302 3003 367 3056; x_wconf 88' lang='lat' dir='ltr'><strong>arte</strong></span> <span class='ocrx_word' id='word_1_251' title='bbox 386 3011 440 3058; x_wconf 85' lang='lat' dir='ltr'><strong>aos</strong></span> <span class='ocrx_word' id='word_1_252' title='bbox 463 3007 511 3057; x_wconf 90' lang='lat' dir='ltr'><strong>est</strong></span> <span class='ocrx_word' id='word_1_253' title='bbox 531 2997 710 3071; x_wconf 77' lang='lat' dir='ltr'><strong>adgressus.</strong></span> <span class='ocrx_word' id='word_1_254' title='bbox 739 3011 810 3056; x_wconf 91' lang='lat' dir='ltr'><strong>nam</strong></span> <span class='ocrx_word' id='word_1_255' title='bbox 825 3011 893 3056; x_wconf 90' lang='lat' dir='ltr'><strong>curn</strong></span> <span class='ocrx_word' id='word_1_256' title='bbox 907 2995 938 3056; x_wconf 88' lang='lat' dir='ltr'><strong>iu</strong></span> <span class='ocrx_word' id='word_1_257' title='bbox 953 2993 1083 3055; x_wconf 88' lang='lat' dir='ltr'><strong>concilio</strong></span> 
     </span>
     <span class='ocr_line' id='line_1_35' title="bbox 97 3077 1084 3152; baseline -0.001 -15"><span class='ocrx_word' id='word_1_258' title='bbox 97 3077 234 3140; x_wconf 88' lang='lat' dir='ltr'><strong>dixisset</strong></span> <span class='ocrx_word' id='word_1_259' title='bbox 247 3080 362 3140; x_wconf 91' lang='lat' dir='ltr'><strong>tuenda</strong></span> <span class='ocrx_word' id='word_1_260' title='bbox 375 3080 599 3141; x_wconf 88' lang='lat' dir='ltr'><strong>mediterranea</strong></span> <span class='ocrx_word' id='word_1_261' title='bbox 611 3079 805 3140; x_wconf 83' lang='lat' dir='ltr'><strong>Acarnaniae</strong></span> <span class='ocrx_word' id='word_1_262' title='bbox 826 3094 913 3152; x_wconf 88' lang='lat' dir='ltr'><strong>esse,</strong></span> <span class='ocrx_word' id='word_1_263' title='bbox 938 3085 968 3138; x_wconf 91' lang='lat' dir='ltr'><strong>et</strong></span> <span class='ocrx_word' id='word_1_264' title='bbox 989 3078 1084 3140; x_wconf 84' lang='lat' dir='ltr'><strong>onrrri-</strong></span> 
     </span>
     <span class='ocr_line' id='line_1_36' title="bbox 99 3160 1083 3239; baseline 0 -19"><span class='ocrx_word' id='word_1_265' title='bbox 99 3161 159 3222; x_wconf 86' lang='lat' dir='ltr'><strong>bus</strong></span> <span class='ocrx_word' id='word_1_266' title='bbox 176 3161 229 3238; x_wconf 86' lang='lat' dir='ltr'><strong>qui</strong></span> <span class='ocrx_word' id='word_1_267' title='bbox 244 3179 328 3224; x_wconf 91' lang='lat' dir='ltr'><strong>arma</strong></span> <span class='ocrx_word' id='word_1_268' title='bbox 343 3165 456 3226; x_wconf 79' lang='lat' dir='ltr'><strong>terrent</strong></span> <span class='ocrx_word' id='word_1_269' title='bbox 465 3163 639 3224; x_wconf 85' lang='lat' dir='ltr'><strong>excundum</strong></span> <span class='ocrx_word' id='word_1_270' title='bbox 651 3164 692 3223; x_wconf 89' lang='lat' dir='ltr'><strong>ad</strong></span> <span class='ocrx_word' id='word_1_271' title='bbox 701 3162 874 3224; x_wconf 87' lang='lat' dir='ltr'><strong>Medionem</strong></span> <span class='ocrx_word' id='word_1_272' title='bbox 887 3168 917 3222; x_wconf 87' lang='lat' dir='ltr'><strong>et</strong></span> <span class='ocrx_word' id='word_1_273' title='bbox 926 3160 1083 3239; x_wconf 83' lang='lat' dir='ltr'><strong>Thyrium,</strong></span> 
     </span>
     <span class='ocr_line' id='line_1_37' title="bbox 99 3244 1084 3322; baseline 0 -18"><span class='ocrx_word' id='word_1_274' title='bbox 99 3259 140 3304; x_wconf 90' lang='lat' dir='ltr'><strong>ne</strong></span> <span class='ocrx_word' id='word_1_275' title='bbox 155 3247 194 3306; x_wconf 88' lang='lat' dir='ltr'><strong>ab</strong></span> <span class='ocrx_word' id='word_1_276' title='bbox 208 3247 361 3308; x_wconf 87' lang='lat' dir='ltr'><strong>Antiocho</strong></span> <span class='ocrx_word' id='word_1_277' title='bbox 378 3253 429 3307; x_wconf 90' lang='lat' dir='ltr'><strong>aut</strong></span> <span class='ocrx_word' id='word_1_278' title='bbox 440 3246 561 3308; x_wconf 90' lang='lat' dir='ltr'><strong>Aetolis</strong></span> <span class='ocrx_word' id='word_1_279' title='bbox 577 3254 815 3322; x_wconf 89' lang='lat' dir='ltr'><strong>occuparentur,</strong></span> <span class='ocrx_word' id='word_1_280' title='bbox 831 3246 917 3304; x_wconf 89' lang='lat' dir='ltr'><strong>luere</strong></span> <span class='ocrx_word' id='word_1_281' title='bbox 933 3244 985 3319; x_wconf 92' lang='lat' dir='ltr'><strong>qui</strong></span> <span class='ocrx_word' id='word_1_282' title='bbox 1001 3244 1084 3304; x_wconf 88' lang='lat' dir='ltr'><strong>dioe-</strong></span> 
     </span>
     <span class='ocr_line' id='line_1_38' title="bbox 100 3327 1083 3403; baseline 0.002 -17"><span class='ocrx_word' id='word_1_283' title='bbox 100 3337 170 3388; x_wconf 88' lang='lat' dir='ltr'><strong>rent</strong></span> <span class='ocrx_word' id='word_1_284' title='bbox 182 3329 258 3390; x_wconf 92' lang='lat' dir='ltr'><strong>nihil</strong></span> <span class='ocrx_word' id='word_1_285' title='bbox 271 3331 400 3393; x_wconf 89' lang='lat' dir='ltr'><strong>attinere</strong></span> <span class='ocrx_word' id='word_1_286' title='bbox 414 3331 513 3392; x_wconf 89' lang='lat' dir='ltr'><strong>omnis</strong></span> <span class='ocrx_word' id='word_1_287' title='bbox 529 3331 715 3392; x_wconf 88' lang='lat' dir='ltr'><strong>tumultuose</strong></span> <span class='ocrx_word' id='word_1_288' title='bbox 736 3327 897 3403; x_wconf 88' lang='lat' dir='ltr'><strong>concitari,</strong></span> <span class='ocrx_word' id='word_1_289' title='bbox 919 3328 994 3388; x_wconf 87' lang='lat' dir='ltr'><strong>satis</strong></span> <span class='ocrx_word' id='word_1_290' title='bbox 1011 3341 1083 3388; x_wconf 88' lang='lat' dir='ltr'><strong>esse</strong></span> 
     </span>
    </p>
   </div>
   <div class='ocr_carea' id='block_1_3' title="bbox 99 3410 1083 3492">
    <p class='ocr_par' dir='ltr' id='par_1_4' title="bbox 99 3410 1083 3492">
     <span class='ocr_line' id='line_1_39' title="bbox 99 3410 1083 3492; baseline -0.003 -18"><span class='ocrx_word' id='word_1_291' title='bbox 99 3413 337 3490; x_wconf 80' lang='lat' dir='ltr'><strong>quingentorum</strong></span> <span class='ocrx_word' id='word_1_292' title='bbox 362 3415 529 3478; x_wconf 87' lang='lat' dir='ltr'><strong>hominum·</strong></span> <span class='ocrx_word' id='word_1_293' title='bbox 545 3414 744 3492; x_wconf 89' lang='lat' dir='ltr'><strong>praesidium.</strong></span> <span class='ocrx_word' id='word_1_294' title='bbox 796 3427 864 3474; x_wconf 89' lang='lat' dir='ltr'><strong>eom</strong></span> <span class='ocrx_word' id='word_1_295' title='bbox 894 3410 1083 3473; x_wconf 87' lang='lat' dir='ltr'><strong>iuventutem</strong></span> 
     </span>
    </p>
   </div>
   <div class='ocr_carea' id='block_1_4' title="bbox 0 0 1248 3904">
    <p class='ocr_par' dir='ltr' id='par_1_5' title="bbox 0 0 1248 3904">
     <span class='ocr_line' id='line_1_40' title="bbox 0 0 1248 3904; baseline 0 0"><span class='ocrx_word' id='word_1_296' title='bbox 0 0 1248 3904; x_wconf 95' lang='lat' dir='ltr'><strong> </strong></span> 
     </span>
    </p>
   </div>
  </div>
 </body>
</html>
