<?xml version="1.0" encoding="UTF-8"?>
<!DOCTYPE html PUBLIC "-//W3C//DTD XHTML 1.0 Transitional//EN"
    "http://www.w3.org/TR/xhtml1/DTD/xhtml1-transitional.dtd">
<html xmlns="http://www.w3.org/1999/xhtml" xml:lang="en" lang="en">
 <head>
  <title>
</title>
<meta http-equiv="Content-Type" content="text/html;charset=utf-8" />
  <meta name='ocr-system' content='tesseract 3.04.00' />
  <meta name='ocr-capabilities' content='ocr_page ocr_carea ocr_par ocr_line ocrx_word'/>
</head>
<body>
  <div class='ocr_page' id='page_1' title='image "./titiliviaburbec08livygoog_0086.png"; bbox 0 0 2482 3900; ppageno 0'>
   <div class='ocr_carea' id='block_1_1' title="bbox 206 171 1056 284">
    <p class='ocr_par' dir='ltr' id='par_1_1' title="bbox 206 171 1056 284">
     <span class='ocr_line' id='line_1_1' title="bbox 206 171 1056 284; baseline 0.015 -21"><span class='ocrx_word' id='word_1_1' title='bbox 206 171 210 175; x_wconf 70' lang='grc'><strong>’</strong></span> <span class='ocrx_word' id='word_1_2' title='bbox 246 205 887 284; x_wconf 62' lang='lat' dir='ltr'>r.1annxxxu.cnara.n.ruens]</span> <span class='ocrx_word' id='word_1_3' title='bbox 1014 211 1056 276; x_wconf 84' lang='lat'>57</span> 
     </span>
    </p>
   </div>
   <div class='ocr_carea' id='block_1_2' title="bbox 69 360 1060 3537">
    <p class='ocr_par' dir='ltr' id='par_1_2' title="bbox 69 360 1060 3537">
     <span class='ocr_line' id='line_1_2' title="bbox 72 360 1055 438; baseline 0.004 -16"><span class='ocrx_word' id='word_1_4' title='bbox 72 360 268 422; x_wconf 70' lang='lat' dir='ltr'>incendebat.</span> <span class='ocrx_word' id='word_1_5' title='bbox 299 377 402 420; x_wconf 90' lang='lat' dir='ltr'>rerum</span> <span class='ocrx_word' id='word_1_6' title='bbox 423 374 562 435; x_wconf 87' lang='lat' dir='ltr'>suarum,</span> <span class='ocrx_word' id='word_1_7' title='bbox 590 377 667 436; x_wconf 90' lang='lat' dir='ltr'>quas</span> <span class='ocrx_word' id='word_1_8' title='bbox 690 371 835 438; x_wconf 81' lang='lat' dir='ltr'><strong>possent,</strong></span> <span class='ocrx_word' id='word_1_9' title='bbox 860 364 1055 426; x_wconf 83' lang='lat' dir='ltr'>serendarum</span> 
     </span>
     <span class='ocr_line' id='line_1_3' title="bbox 72 444 1055 522; baseline 0.003 -17"><span class='ocrx_word' id='word_1_10' title='bbox 72 461 181 506; x_wconf 91' lang='lat' dir='ltr'>secum</span> <span class='ocrx_word' id='word_1_11' title='bbox 196 445 327 505; x_wconf 90' lang='lat' dir='ltr'>dominis</span> <span class='ocrx_word' id='word_1_12' title='bbox 344 445 393 505; x_wconf 92' lang='lat' dir='ltr'>ius</span> <span class='ocrx_word' id='word_1_13' title='bbox 408 444 516 515; x_wconf 87' lang='lat' dir='ltr'>fiebat;</span> <span class='ocrx_word' id='word_1_14' title='bbox 542 451 644 504; x_wconf 88' lang='lat' dir='ltr'>cetera</span> <span class='ocrx_word' id='word_1_15' title='bbox 657 447 760 507; x_wconf 91' lang='lat' dir='ltr'>militis</span> <span class='ocrx_word' id='word_1_16' title='bbox 774 447 891 522; x_wconf 90' lang='lat' dir='ltr'>praeda</span> <span class='ocrx_word' id='word_1_17' title='bbox 901 457 975 509; x_wconf 88' lang='lat' dir='ltr'>erat.</span> <span class='ocrx_word' id='word_1_18' title='bbox 998 465 1055 509; x_wconf 90' lang='lat' dir='ltr'>nec</span> 
     </span>
     <span class='ocr_line' id='line_1_4' title="bbox 72 528 1056 607; baseline 0.004 -19"><span class='ocrx_word' id='word_1_19' title='bbox 72 531 158 604; x_wconf 92' lang='lat' dir='ltr'>quod</span> <span class='ocrx_word' id='word_1_20' title='bbox 180 528 219 587; x_wconf 85' lang='lat' dir='ltr'>ab</span> <span class='ocrx_word' id='word_1_21' title='bbox 239 529 329 589; x_wconf 88' lang='lat' dir='ltr'>hoste</span> <span class='ocrx_word' id='word_1_22' title='bbox 350 529 504 588; x_wconf 84' lang='lat' dir='ltr'>crudelius</span> <span class='ocrx_word' id='word_1_23' title='bbox 525 529 587 603; x_wconf 88' lang='lat' dir='ltr'>pati</span> <span class='ocrx_word' id='word_1_24' title='bbox 600 536 744 604; x_wconf 82' lang='lat' dir='ltr'>possent,</span> <span class='ocrx_word' id='word_1_25' title='bbox 766 531 875 607; x_wconf 86' lang='lat' dir='ltr'>reliqui</span> <span class='ocrx_word' id='word_1_26' title='bbox 892 532 1056 607; x_wconf 89' lang='lat' dir='ltr'>quicquam</span> 
     </span>
     <span class='ocr_line' id='line_1_5' title="bbox 71 611 1054 688; baseline 0.004 -16"><span class='ocrx_word' id='word_1_27' title='bbox 71 615 135 686; x_wconf 86' lang='lat' dir='ltr'>inii,</span> <span class='ocrx_word' id='word_1_28' title='bbox 154 627 248 688; x_wconf 90' lang='lat' dir='ltr'>quam</span> <span class='ocrx_word' id='word_1_29' title='bbox 265 628 344 688; x_wconf 89' lang='lat' dir='ltr'>quae</span> <span class='ocrx_word' id='word_1_30' title='bbox 358 611 397 672; x_wconf 89' lang='lat' dir='ltr'>ab</span> <span class='ocrx_word' id='word_1_31' title='bbox 413 613 506 672; x_wconf 90' lang='lat' dir='ltr'>sociis</span> <span class='ocrx_word' id='word_1_32' title='bbox 519 613 720 687; x_wconf 89' lang='lat' dir='ltr'>patiebantur.</span> <span class='ocrx_word' id='word_1_33' title='bbox 742 614 922 680; x_wconf 87' lang='lat' dir='ltr'>haecetiam</span> <span class='ocrx_word' id='word_1_34' title='bbox 933 616 1054 676; x_wconf 80' lang='lat' dir='ltr'>facienti</span> 
     </span>
     <span class='ocr_line' id='line_1_6' title="bbox 69 696 1056 772; baseline 0.004 -16"><span class='ocrx_word' id='word_1_35' title='bbox 69 696 214 772; x_wconf 76' lang='lat' dir='ltr'>Phiiippo</span> <span class='ocrx_word' id='word_1_36' title='bbox 237 697 349 756; x_wconf 88' lang='lat' dir='ltr'>acerba</span> <span class='ocrx_word' id='word_1_37' title='bbox 369 703 470 770; x_wconf 88' lang='lat' dir='ltr'>eraut,</span> <span class='ocrx_word' id='word_1_38' title='bbox 492 697 549 756; x_wconf 87' lang='lat' dir='ltr'>sed</span> <span class='ocrx_word' id='word_1_39' title='bbox 569 705 684 766; x_wconf 85' lang='lat' dir='ltr'>eterra</span> <span class='ocrx_word' id='word_1_40' title='bbox 706 713 779 760; x_wconf 89' lang='lat' dir='ltr'>mox</span> <span class='ocrx_word' id='word_1_41' title='bbox 800 698 902 758; x_wconf 87' lang='lat' dir='ltr'>lutura</span> <span class='ocrx_word' id='word_1_42' title='bbox 922 698 1056 760; x_wconf 88' lang='lat' dir='ltr'>hostium</span> 
     </span>
     <span class='ocr_line' id='line_1_7' title="bbox 72 779 1056 855; baseline 0.004 -15"><span class='ocrx_word' id='word_1_43' title='bbox 72 797 208 855; x_wconf 90' lang='lat' dir='ltr'>corpora</span> <span class='ocrx_word' id='word_1_44' title='bbox 234 782 342 841; x_wconf 88' lang='lat' dir='ltr'>saitem</span> <span class='ocrx_word' id='word_1_45' title='bbox 365 779 485 855; x_wconf 86' lang='lat' dir='ltr'>eripere</span> <span class='ocrx_word' id='word_1_46' title='bbox 513 781 669 842; x_wconf 86' lang='lat' dir='ltr'>sociorum</span> <span class='ocrx_word' id='word_1_47' title='bbox 691 781 821 843; x_wconf 89' lang='lat' dir='ltr'>volebat.</span> <span class='ocrx_word' id='word_1_48' title='bbox 854 783 896 843; x_wconf 89' lang='lat' dir='ltr'>ita</span> <span class='ocrx_word' id='word_1_49' title='bbox 918 787 1056 844; x_wconf 83' lang='lat' dir='ltr'>evastata</span> 
     </span>
     <span class='ocr_line' id='line_1_8' title="bbox 72 863 1054 944; baseline 0.002 -20"><span class='ocrx_word' id='word_1_50' title='bbox 72 864 191 939; x_wconf 93' lang='lat' dir='ltr'>oppida</span> <span class='ocrx_word' id='word_1_51' title='bbox 216 872 287 925; x_wconf 90' lang='lat' dir='ltr'>sunt</span> <span class='ocrx_word' id='word_1_52' title='bbox 305 863 451 926; x_wconf 88' lang='lat' dir='ltr'>Phacium</span> <span class='ocrx_word' id='word_1_53' title='bbox 470 863 585 926; x_wconf 83' lang='lat' dir='ltr'>Iresiae</span> <span class='ocrx_word' id='word_1_54' title='bbox 604 864 795 944; x_wconf 84' lang='lat' dir='ltr'>Euhydrium</span> <span class='ocrx_word' id='word_1_55' title='bbox 813 865 931 926; x_wconf 79' lang='lat' dir='ltr'>Eretria</span> <span class='ocrx_word' id='word_1_56' title='bbox 949 866 1054 927; x_wconf 89' lang='lat' dir='ltr'>Palae-</span> 
     </span>
     <span class='ocr_line' id='line_1_9' title="bbox 71 947 1056 1026; baseline 0.004 -20"><span class='ocrx_word' id='word_1_57' title='bbox 71 947 247 1023; x_wconf 82' lang='lat' dir='ltr'>pharsalus.</span> <span class='ocrx_word' id='word_1_58' title='bbox 269 947 384 1008; x_wconf 84' lang='lat' dir='ltr'>Pheras</span> <span class='ocrx_word' id='word_1_59' title='bbox 399 964 468 1009; x_wconf 91' lang='lat' dir='ltr'>oum</span> <span class='ocrx_word' id='word_1_60' title='bbox 486 955 611 1024; x_wconf 82' lang='lat' dir='ltr'>peteret,</span> <span class='ocrx_word' id='word_1_61' title='bbox 626 950 781 1024; x_wconf 87' lang='lat' dir='ltr'>exclusus,</span> <span class='ocrx_word' id='word_1_62' title='bbox 798 949 933 1026; x_wconf 86' lang='lat' dir='ltr'>quiores</span> <span class='ocrx_word' id='word_1_63' title='bbox 946 950 1056 1026; x_wconf 87' lang='lat' dir='ltr'>egebat</span> 
     </span>
     <span class='ocr_line' id='line_1_10' title="bbox 71 1033 1057 1110; baseline 0.003 -19"><span class='ocrx_word' id='word_1_64' title='bbox 71 1047 160 1104; x_wconf 85' lang='lat' dir='ltr'>mora</span> <span class='ocrx_word' id='word_1_65' title='bbox 171 1033 197 1092; x_wconf 95' lang='lat' dir='ltr'>si</span> <span class='ocrx_word' id='word_1_66' title='bbox 208 1047 387 1108; x_wconf 87' lang='lat' dir='ltr'>expugnare</span> <span class='ocrx_word' id='word_1_67' title='bbox 397 1033 497 1106; x_wconf 90' lang='lat' dir='ltr'>vellet,</span> <span class='ocrx_word' id='word_1_68' title='bbox 513 1049 571 1093; x_wconf 90' lang='lat' dir='ltr'>nec</span> <span class='ocrx_word' id='word_1_69' title='bbox 582 1039 703 1107; x_wconf 91' lang='lat' dir='ltr'>tempus</span> <span class='ocrx_word' id='word_1_70' title='bbox 715 1040 789 1107; x_wconf 89' lang='lat' dir='ltr'>erat,</span> <span class='ocrx_word' id='word_1_71' title='bbox 805 1033 920 1093; x_wconf 89' lang='lat' dir='ltr'>omisso</span> <span class='ocrx_word' id='word_1_72' title='bbox 932 1033 1057 1110; x_wconf 88' lang='lat' dir='ltr'>incepto</span> 
     </span>
     <span class='ocr_line' id='line_1_11' title="bbox 71 1115 1054 1194; baseline 0.004 -21"><span class='ocrx_word' id='word_1_73' title='bbox 71 1116 102 1174; x_wconf 91' lang='lat' dir='ltr'>in</span> <span class='ocrx_word' id='word_1_74' title='bbox 119 1115 334 1176; x_wconf 87' lang='lat' dir='ltr'>Macedoniarn</span> <span class='ocrx_word' id='word_1_75' title='bbox 354 1117 551 1177; x_wconf 85' lang='lat' dir='ltr'>transcendit.</span> <span class='ocrx_word' id='word_1_76' title='bbox 588 1131 657 1176; x_wconf 90' lang='lat' dir='ltr'>nam</span> <span class='ocrx_word' id='word_1_77' title='bbox 678 1117 769 1176; x_wconf 89' lang='lat' dir='ltr'>etiam</span> <span class='ocrx_word' id='word_1_78' title='bbox 788 1116 918 1176; x_wconf 86' lang='lat' dir='ltr'>Aetolos</span> <span class='ocrx_word' id='word_1_79' title='bbox 941 1132 1054 1194; x_wconf 90' lang='lat' dir='ltr'>appro-</span> 
     </span>
     <span class='ocr_line' id='line_1_12' title="bbox 72 1199 1057 1275; baseline 0.003 -18"><span class='ocrx_word' id='word_1_80' title='bbox 72 1199 225 1274; x_wconf 89' lang='lat' dir='ltr'>pinquare</span> <span class='ocrx_word' id='word_1_81' title='bbox 238 1201 403 1262; x_wconf 71' lang='lat' dir='ltr'>innuerat.</span> <span class='ocrx_word' id='word_1_82' title='bbox 426 1200 478 1275; x_wconf 91' lang='lat' dir='ltr'>qui</span> <span class='ocrx_word' id='word_1_83' title='bbox 490 1200 594 1260; x_wconf 90' lang='lat' dir='ltr'>audito</span> <span class='ocrx_word' id='word_1_84' title='bbox 607 1200 734 1274; x_wconf 90' lang='lat' dir='ltr'>proelio,</span> <span class='ocrx_word' id='word_1_85' title='bbox 747 1200 831 1275; x_wconf 92' lang='lat' dir='ltr'>quod</span> <span class='ocrx_word' id='word_1_86' title='bbox 843 1199 925 1259; x_wconf 84' lang='lat' dir='ltr'>eirca</span> <span class='ocrx_word' id='word_1_87' title='bbox 936 1214 1057 1260; x_wconf 90' lang='lat' dir='ltr'>amnem</span> 
     </span>
     <span class='ocr_line' id='line_1_13' title="bbox 72 1281 1054 1359; baseline -0.001 -16"><span class='ocrx_word' id='word_1_88' title='bbox 72 1284 176 1343; x_wconf 85' lang='lat' dir='ltr'>Aoum</span> <span class='ocrx_word' id='word_1_89' title='bbox 196 1283 308 1344; x_wconf 86' lang='lat' dir='ltr'>iactum</span> <span class='ocrx_word' id='word_1_90' title='bbox 333 1291 410 1359; x_wconf 89' lang='lat' dir='ltr'>erat,</span> <span class='ocrx_word' id='word_1_91' title='bbox 432 1284 581 1359; x_wconf 85' lang='lat' dir='ltr'>proximis</span> <span class='ocrx_word' id='word_1_92' title='bbox 602 1283 688 1358; x_wconf 89' lang='lat' dir='ltr'>prius</span> <span class='ocrx_word' id='word_1_93' title='bbox 703 1284 849 1344; x_wconf 85' lang='lat' dir='ltr'>evastatis</span> <span class='ocrx_word' id='word_1_94' title='bbox 865 1282 947 1342; x_wconf 90' lang='lat' dir='ltr'>circa</span> <span class='ocrx_word' id='word_1_95' title='bbox 962 1281 1054 1358; x_wconf 89' lang='lat' dir='ltr'>Sper-</span> 
     </span>
     <span class='ocr_line' id='line_1_14' title="bbox 73 1365 1054 1442; baseline 0.001 -17"><span class='ocrx_word' id='word_1_96' title='bbox 73 1367 159 1426; x_wconf 90' lang='lat' dir='ltr'>chias</span> <span class='ocrx_word' id='word_1_97' title='bbox 176 1373 207 1426; x_wconf 89' lang='lat' dir='ltr'>et</span> <span class='ocrx_word' id='word_1_98' title='bbox 220 1367 344 1428; x_wconf 90' lang='lat' dir='ltr'>Macran</span> <span class='ocrx_word' id='word_1_99' title='bbox 361 1383 453 1442; x_wconf 92' lang='lat' dir='ltr'>quam</span> <span class='ocrx_word' id='word_1_100' title='bbox 467 1373 580 1428; x_wconf 88' lang='lat' dir='ltr'>vocant</span> <span class='ocrx_word' id='word_1_101' title='bbox 594 1366 722 1442; x_wconf 88' lang='lat' dir='ltr'>Comen,</span> <span class='ocrx_word' id='word_1_102' title='bbox 738 1367 923 1442; x_wconf 76' lang='lat' dir='ltr'>transgressi</span> <span class='ocrx_word' id='word_1_103' title='bbox 937 1365 1009 1427; x_wconf 91' lang='lat' dir='ltr'>inde</span> <span class='ocrx_word' id='word_1_104' title='bbox 1023 1367 1054 1426; x_wconf 91' lang='lat' dir='ltr'>in</span> 
     </span>
     <span class='ocr_line' id='line_1_15' title="bbox 70 1450 1053 1530; baseline 0.003 -21"><span class='ocrx_word' id='word_1_105' title='bbox 70 1450 262 1510; x_wconf 82' lang='lat' dir='ltr'>Thessaliam</span> <span class='ocrx_word' id='word_1_106' title='bbox 277 1451 421 1530; x_wconf 86' lang='lat' dir='ltr'>Cymines</span> <span class='ocrx_word' id='word_1_107' title='bbox 437 1459 467 1512; x_wconf 91' lang='lat' dir='ltr'>et</span> <span class='ocrx_word' id='word_1_108' title='bbox 480 1453 606 1527; x_wconf 89' lang='lat' dir='ltr'>Angeas</span> <span class='ocrx_word' id='word_1_109' title='bbox 623 1451 723 1526; x_wconf 90' lang='lat' dir='ltr'>primo</span> <span class='ocrx_word' id='word_1_110' title='bbox 741 1451 857 1527; x_wconf 89' lang='lat' dir='ltr'>impetu</span> <span class='ocrx_word' id='word_1_111' title='bbox 871 1450 957 1528; x_wconf 87' lang='lat' dir='ltr'>potiti</span> <span class='ocrx_word' id='word_1_112' title='bbox 972 1458 1053 1512; x_wconf 86' lang='lat' dir='ltr'>sunt</span> 
     </span>
     <span class='ocr_line' id='line_1_16' title="bbox 71 1533 1056 1611; baseline 0.004 -19"><span class='ocrx_word' id='word_1_113' title='bbox 71 1551 90 1592; x_wconf 89' lang='lat' dir='ltr'>a</span> <span class='ocrx_word' id='word_1_114' title='bbox 104 1533 284 1610; x_wconf 89' lang='lat' dir='ltr'>Metropoli,</span> <span class='ocrx_word' id='word_1_115' title='bbox 306 1536 378 1595; x_wconf 90' lang='lat' dir='ltr'>dum</span> <span class='ocrx_word' id='word_1_116' title='bbox 391 1542 514 1596; x_wconf 89' lang='lat' dir='ltr'>vastant</span> <span class='ocrx_word' id='word_1_117' title='bbox 527 1551 635 1610; x_wconf 81' lang='lat' dir='ltr'>agroS,</span> <span class='ocrx_word' id='word_1_118' title='bbox 659 1550 813 1597; x_wconf 86' lang='lat' dir='ltr'>concursu</span> <span class='ocrx_word' id='word_1_119' title='bbox 828 1535 1056 1611; x_wconf 85' lang='lat' dir='ltr'>oppidanorum</span> 
     </span>
     <span class='ocr_line' id='line_1_17' title="bbox 71 1618 1054 1695; baseline 0.001 -18"><span class='ocrx_word' id='word_1_120' title='bbox 71 1618 112 1677; x_wconf 92' lang='lat' dir='ltr'>ad</span> <span class='ocrx_word' id='word_1_121' title='bbox 127 1619 243 1680; x_wconf 89' lang='lat' dir='ltr'>tuenda</span> <span class='ocrx_word' id='word_1_122' title='bbox 257 1619 379 1680; x_wconf 91' lang='lat' dir='ltr'>moenia</span> <span class='ocrx_word' id='word_1_123' title='bbox 394 1620 474 1681; x_wconf 86' lang='lat' dir='ltr'>iacto</span> <span class='ocrx_word' id='word_1_124' title='bbox 488 1620 606 1695; x_wconf 86' lang='lat' dir='ltr'>repulsi</span> <span class='ocrx_word' id='word_1_125' title='bbox 620 1625 699 1680; x_wconf 91' lang='lat' dir='ltr'>sunt.</span> <span class='ocrx_word' id='word_1_126' title='bbox 737 1618 897 1681; x_wconf 75' lang='lat' dir='ltr'>Callithera</span> <span class='ocrx_word' id='word_1_127' title='bbox 911 1619 983 1679; x_wconf 90' lang='lat' dir='ltr'>inde</span> <span class='ocrx_word' id='word_1_128' title='bbox 1000 1620 1054 1678; x_wconf 91' lang='lat' dir='ltr'>ad-</span> 
     </span>
     <span class='ocr_line' id='line_1_18' title="bbox 71 1701 1054 1779; baseline 0 -17"><span class='ocrx_word' id='word_1_129' title='bbox 71 1701 174 1776; x_wconf 85' lang='lat' dir='ltr'>gressi</span> <span class='ocrx_word' id='word_1_130' title='bbox 196 1703 325 1764; x_wconf 89' lang='lat' dir='ltr'>similem</span> <span class='ocrx_word' id='word_1_131' title='bbox 345 1704 490 1778; x_wconf 87' lang='lat' dir='ltr'>impetum</span> <span class='ocrx_word' id='word_1_132' title='bbox 512 1703 738 1779; x_wconf 87' lang='lat' dir='ltr'>oppidanorum</span> <span class='ocrx_word' id='word_1_133' title='bbox 760 1703 947 1779; x_wconf 88' lang='lat' dir='ltr'>pertinacius</span> <span class='ocrx_word' id='word_1_134' title='bbox 962 1703 1054 1764; x_wconf 90' lang='lat' dir='ltr'>susti-</span> 
     </span>
     <span class='ocr_line' id='line_1_19' title="bbox 71 1787 1054 1864; baseline 0.002 -20"><span class='ocrx_word' id='word_1_135' title='bbox 71 1793 220 1856; x_wconf 88' lang='lat' dir='ltr'>nuerunt;</span> <span class='ocrx_word' id='word_1_136' title='bbox 248 1789 479 1864; x_wconf 89' lang='lat' dir='ltr'>compulsisque</span> <span class='ocrx_word' id='word_1_137' title='bbox 493 1788 572 1848; x_wconf 90' lang='lat' dir='ltr'>intra</span> <span class='ocrx_word' id='word_1_138' title='bbox 588 1787 710 1847; x_wconf 90' lang='lat' dir='ltr'>moenia</span> <span class='ocrx_word' id='word_1_139' title='bbox 724 1789 776 1862; x_wconf 92' lang='lat' dir='ltr'>qui</span> <span class='ocrx_word' id='word_1_140' title='bbox 791 1793 964 1862; x_wconf 88' lang='lat' dir='ltr'>eruperant,</span> <span class='ocrx_word' id='word_1_141' title='bbox 981 1804 1054 1848; x_wconf 89' lang='lat' dir='ltr'>con·</span> 
     </span>
     <span class='ocr_line' id='line_1_20' title="bbox 72 1871 1055 1947; baseline 0.001 -18"><span class='ocrx_word' id='word_1_142' title='bbox 72 1871 146 1930; x_wconf 89' lang='lat' dir='ltr'>tenti</span> <span class='ocrx_word' id='word_1_143' title='bbox 168 1885 206 1930; x_wconf 91' lang='lat' dir='ltr'>ea</span> <span class='ocrx_word' id='word_1_144' title='bbox 224 1871 367 1945; x_wconf 90' lang='lat' dir='ltr'>victoria,</span> <span class='ocrx_word' id='word_1_145' title='bbox 390 1873 462 1947; x_wconf 88' lang='lat' dir='ltr'>quia</span> <span class='ocrx_word' id='word_1_146' title='bbox 482 1887 556 1947; x_wconf 91' lang='lat' dir='ltr'>spes</span> <span class='ocrx_word' id='word_1_147' title='bbox 579 1872 662 1930; x_wconf 88' lang='lat' dir='ltr'>nulla</span> <span class='ocrx_word' id='word_1_148' title='bbox 676 1871 840 1931; x_wconf 88' lang='lat' dir='ltr'>admodum</span> <span class='ocrx_word' id='word_1_149' title='bbox 857 1871 1055 1946; x_wconf 87' lang='lat' dir='ltr'>expugnandi</span> 
     </span>
     <span class='ocr_line' id='line_1_21' title="bbox 71 1954 1054 2028; baseline 0 -16"><span class='ocrx_word' id='word_1_150' title='bbox 71 1961 150 2028; x_wconf 90' lang='lat' dir='ltr'>erat,</span> <span class='ocrx_word' id='word_1_151' title='bbox 175 1955 404 2017; x_wconf 85' lang='lat' dir='ltr'>abscesserunt.</span> <span class='ocrx_word' id='word_1_152' title='bbox 440 1955 576 2016; x_wconf 89' lang='lat' dir='ltr'>Theuma</span> <span class='ocrx_word' id='word_1_153' title='bbox 590 1955 662 2014; x_wconf 91' lang='lat' dir='ltr'>inde</span> <span class='ocrx_word' id='word_1_154' title='bbox 676 1961 706 2014; x_wconf 89' lang='lat' dir='ltr'>et</span> <span class='ocrx_word' id='word_1_155' title='bbox 720 1954 884 2014; x_wconf 81' lang='lat' dir='ltr'>Celathara</span> <span class='ocrx_word' id='word_1_156' title='bbox 899 1955 986 2016; x_wconf 87' lang='lat' dir='ltr'>vicos</span> <span class='ocrx_word' id='word_1_157' title='bbox 1001 1970 1054 2013; x_wconf 90' lang='lat' dir='ltr'>ex·</span> 
     </span>
     <span class='ocr_line' id='line_1_22' title="bbox 70 2037 1052 2115; baseline 0 -17"><span class='ocrx_word' id='word_1_158' title='bbox 70 2044 212 2113; x_wconf 88' lang='lat' dir='ltr'>pugnant</span> <span class='ocrx_word' id='word_1_159' title='bbox 232 2039 448 2115; x_wconf 90' lang='lat' dir='ltr'>diripiuntque.</span> <span class='ocrx_word' id='word_1_160' title='bbox 479 2038 634 2099; x_wconf 86' lang='lat' dir='ltr'>Acharras</span> <span class='ocrx_word' id='word_1_161' title='bbox 656 2054 712 2114; x_wconf 91' lang='lat' dir='ltr'>per</span> <span class='ocrx_word' id='word_1_162' title='bbox 726 2037 913 2099; x_wconf 88' lang='lat' dir='ltr'>deditionem</span> <span class='ocrx_word' id='word_1_163' title='bbox 926 2053 1052 2113; x_wconf 88' lang='lat' dir='ltr'>recepe·</span> 
     </span>
     <span class='ocr_line' id='line_1_23' title="bbox 69 2121 1058 2200; baseline -0.002 -18"><span class='ocrx_word' id='word_1_164' title='bbox 69 2128 152 2182; x_wconf 90' lang='lat' dir='ltr'>runt.</span> <span class='ocrx_word' id='word_1_165' title='bbox 163 2140 168 2188; x_wconf 75' lang='lat' dir='ltr'>j</span> <span class='ocrx_word' id='word_1_166' title='bbox 178 2122 299 2200; x_wconf 80' lang='lat' dir='ltr'>Xyniae</span> <span class='ocrx_word' id='word_1_167' title='bbox 313 2123 500 2184; x_wconf 80' lang='lat' dir='ltr'>similimetu</span> <span class='ocrx_word' id='word_1_168' title='bbox 515 2121 715 2182; x_wconf 78' lang='lat' dir='ltr'>cardioribus</span> <span class='ocrx_word' id='word_1_169' title='bbox 731 2123 872 2182; x_wconf 86' lang='lat' dir='ltr'>desertae</span> <span class='ocrx_word' id='word_1_170' title='bbox 887 2129 967 2181; x_wconf 91' lang='lat' dir='ltr'>sunt.</span> <span class='ocrx_word' id='word_1_171' title='bbox 995 2121 1058 2180; x_wconf 89' lang='lat' dir='ltr'>hoo</span> 
     </span>
     <span class='ocr_line' id='line_1_24' title="bbox 72 2205 1054 2282; baseline -0.001 -17"><span class='ocrx_word' id='word_1_172' title='bbox 72 2205 201 2267; x_wconf 89' lang='lat' dir='ltr'>sedibus</span> <span class='ocrx_word' id='word_1_173' title='bbox 223 2207 288 2267; x_wconf 91' lang='lat' dir='ltr'>suis</span> <span class='ocrx_word' id='word_1_174' title='bbox 312 2214 435 2268; x_wconf 86' lang='lat' dir='ltr'>extorre</span> <span class='ocrx_word' id='word_1_175' title='bbox 451 2221 561 2280; x_wconf 81' lang='lat' dir='ltr'>agmen</span> <span class='ocrx_word' id='word_1_176' title='bbox 575 2206 604 2265; x_wconf 90' lang='lat' dir='ltr'>in</span> <span class='ocrx_word' id='word_1_177' title='bbox 622 2205 810 2280; x_wconf 89' lang='lat' dir='ltr'>praesidium</span> <span class='ocrx_word' id='word_1_178' title='bbox 825 2205 946 2280; x_wconf 87' lang='lat' dir='ltr'>incidit,</span> <span class='ocrx_word' id='word_1_179' title='bbox 969 2205 1054 2282; x_wconf 91' lang='lat' dir='ltr'>quod</span> 
     </span>
     <span class='ocr_line' id='line_1_25' title="bbox 71 2289 1055 2365; baseline -0.005 -16"><span class='ocrx_word' id='word_1_180' title='bbox 71 2289 112 2349; x_wconf 88' lang='lat' dir='ltr'>od</span> <span class='ocrx_word' id='word_1_181' title='bbox 124 2289 348 2365; x_wconf 83' lang='lat' dir='ltr'>Thaumacum,</span> <span class='ocrx_word' id='word_1_182' title='bbox 366 2305 427 2365; x_wconf 87' lang='lat' dir='ltr'>quo</span> <span class='ocrx_word' id='word_1_183' title='bbox 442 2291 535 2350; x_wconf 88' lang='lat' dir='ltr'>tutior</span> <span class='ocrx_word' id='word_1_184' title='bbox 549 2291 741 2350; x_wconf 81' lang='lat' dir='ltr'>frumentatio</span> <span class='ocrx_word' id='word_1_185' title='bbox 756 2295 855 2364; x_wconf 89' lang='lat' dir='ltr'>esset,</span> <span class='ocrx_word' id='word_1_186' title='bbox 871 2289 1055 2351; x_wconf 73' lang='lat' dir='ltr'>ducebatum</span> 
     </span>
     <span class='ocr_line' id='line_1_26' title="bbox 71 2373 1054 2450; baseline 0 -18"><span class='ocrx_word' id='word_1_187' title='bbox 71 2374 228 2435; x_wconf 90' lang='lat' dir='ltr'>incondita</span> <span class='ocrx_word' id='word_1_188' title='bbox 242 2375 429 2450; x_wconf 90' lang='lat' dir='ltr'>inermisque</span> <span class='ocrx_word' id='word_1_189' title='bbox 444 2374 604 2434; x_wconf 90' lang='lat' dir='ltr'>multitudo</span> <span class='ocrx_word' id='word_1_190' title='bbox 619 2374 714 2434; x_wconf 89' lang='lat' dir='ltr'>mixta</span> <span class='ocrx_word' id='word_1_191' title='bbox 729 2389 769 2434; x_wconf 85' lang='lat' dir='ltr'>ex</span> <span class='ocrx_word' id='word_1_192' title='bbox 783 2373 897 2433; x_wconf 91' lang='lat' dir='ltr'>imbelli</span> <span class='ocrx_word' id='word_1_193' title='bbox 911 2373 1000 2434; x_wconf 91' lang='lat' dir='ltr'>turba</span> <span class='ocrx_word' id='word_1_194' title='bbox 1014 2373 1054 2432; x_wconf 92' lang='lat' dir='ltr'>ab</span> 
     </span>
     <span class='ocr_line' id='line_1_27' title="bbox 71 2455 1056 2536; baseline -0.002 -20"><span class='ocrx_word' id='word_1_195' title='bbox 71 2458 195 2518; x_wconf 89' lang='lat' dir='ltr'>armatis</span> <span class='ocrx_word' id='word_1_196' title='bbox 211 2473 304 2519; x_wconf 88' lang='lat' dir='ltr'>caesa</span> <span class='ocrx_word' id='word_1_197' title='bbox 318 2466 373 2518; x_wconf 86' lang='lat' dir='ltr'>est.</span> <span class='ocrx_word' id='word_1_198' title='bbox 397 2457 517 2536; x_wconf 81' lang='lat' dir='ltr'>Xyniae</span> <span class='ocrx_word' id='word_1_199' title='bbox 532 2457 673 2518; x_wconf 84' lang='lat' dir='ltr'>desertae</span> <span class='ocrx_word' id='word_1_200' title='bbox 684 2457 876 2532; x_wconf 86' lang='lat' dir='ltr'>diripiuntur.</span> <span class='ocrx_word' id='word_1_201' title='bbox 893 2455 1056 2534; x_wconf 86' lang='lat' dir='ltr'>Cyphaera</span> 
     </span>
     <span class='ocr_line' id='line_1_28' title="bbox 71 2539 1053 2620; baseline -0.003 -20"><span class='ocrx_word' id='word_1_202' title='bbox 71 2541 143 2601; x_wconf 89' lang='lat' dir='ltr'>inde</span> <span class='ocrx_word' id='word_1_203' title='bbox 163 2543 266 2602; x_wconf 90' lang='lat' dir='ltr'>Aetoli</span> <span class='ocrx_word' id='word_1_204' title='bbox 287 2544 424 2620; x_wconf 88' lang='lat' dir='ltr'>capiunt,</span> <span class='ocrx_word' id='word_1_205' title='bbox 451 2549 625 2617; x_wconf 88' lang='lat' dir='ltr'>opportune</span> <span class='ocrx_word' id='word_1_206' title='bbox 646 2541 796 2615; x_wconf 89' lang='lat' dir='ltr'>Dolopiae</span> <span class='ocrx_word' id='word_1_207' title='bbox 822 2539 981 2599; x_wconf 89' lang='lat' dir='ltr'>imminens</span> <span class='ocrx_word' id='word_1_208' title='bbox 1004 2555 1053 2598; x_wconf 91' lang='lat' dir='ltr'>ca·</span> 
     </span>
     <span class='ocr_line' id='line_1_29' title="bbox 71 2622 1058 2701; baseline -0.005 -16"><span class='ocrx_word' id='word_1_209' title='bbox 71 2627 202 2686; x_wconf 85' lang='lat' dir='ltr'>stallum.</span> <span class='ocrx_word' id='word_1_210' title='bbox 236 2625 314 2686; x_wconf 89' lang='lat' dir='ltr'>haec</span> <span class='ocrx_word' id='word_1_211' title='bbox 333 2626 444 2701; x_wconf 89' lang='lat' dir='ltr'>raptim</span> <span class='ocrx_word' id='word_1_212' title='bbox 460 2625 540 2684; x_wconf 91' lang='lat' dir='ltr'>intra</span> <span class='ocrx_word' id='word_1_213' title='bbox 554 2640 672 2700; x_wconf 91' lang='lat' dir='ltr'>paucos</span> <span class='ocrx_word' id='word_1_214' title='bbox 688 2624 756 2683; x_wconf 89' lang='lat' dir='ltr'>dies</span> <span class='ocrx_word' id='word_1_215' title='bbox 772 2624 810 2682; x_wconf 90' lang='lat' dir='ltr'>ab</span> <span class='ocrx_word' id='word_1_216' title='bbox 824 2622 942 2682; x_wconf 89' lang='lat' dir='ltr'>Aetolis</span> <span class='ocrx_word' id='word_1_217' title='bbox 957 2629 1058 2696; x_wconf 82' lang='lat' dir='ltr'>gesta·</span> 
     </span>
     <span class='ocr_line' id='line_1_30' title="bbox 71 2708 1060 2788; baseline -0.002 -20"><span class='ocrx_word' id='word_1_218' title='bbox 71 2725 128 2769; x_wconf 89' lang='lat' dir='ltr'>nec</span> <span class='ocrx_word' id='word_1_219' title='bbox 141 2710 346 2788; x_wconf 84' lang='lat' dir='ltr'>Amynander</span> <span class='ocrx_word' id='word_1_220' title='bbox 360 2716 452 2786; x_wconf 90' lang='lat' dir='ltr'>atque</span> <span class='ocrx_word' id='word_1_221' title='bbox 466 2708 655 2769; x_wconf 88' lang='lat' dir='ltr'>Athamanes</span> <span class='ocrx_word' id='word_1_222' title='bbox 670 2715 742 2783; x_wconf 85' lang='lat' dir='ltr'>post</span> <span class='ocrx_word' id='word_1_223' title='bbox 756 2708 867 2767; x_wconf 85' lang='lat' dir='ltr'>lamam</span> <span class='ocrx_word' id='word_1_224' title='bbox 883 2721 1060 2782; x_wconf 87' lang='lat' dir='ltr'>prosperae</span> 
     </span>
     <span class='ocr_line' id='line_1_31' title="bbox 72 2792 1054 2868; baseline -0.002 -16"><span class='ocrx_word' id='word_1_225' title='bbox 72 2807 195 2868; x_wconf 85' lang='lat' dir='ltr'>pugnae</span> <span class='ocrx_word' id='word_1_226' title='bbox 208 2795 416 2855; x_wconf 88' lang='lat' dir='ltr'>Romanorum</span> <span class='ocrx_word' id='word_1_227' title='bbox 435 2793 624 2868; x_wconf 90' lang='lat' dir='ltr'>quieverunt.</span> <span class='ocrx_word' id='word_1_228' title='bbox 646 2793 726 2852; x_wconf 90' lang='lat' dir='ltr'>XiV.</span> <span class='ocrx_word' id='word_1_229' title='bbox 749 2799 882 2852; x_wconf 89' lang='lat' dir='ltr'>ceterum</span> <span class='ocrx_word' id='word_1_230' title='bbox 896 2792 1054 2868; x_wconf 87' lang='lat' dir='ltr'>Amynan-</span> 
     </span>
     <span class='ocr_line' id='line_1_32' title="bbox 72 2875 1055 2953; baseline -0.002 -17"><span class='ocrx_word' id='word_1_231' title='bbox 72 2877 126 2936; x_wconf 91' lang='lat' dir='ltr'>der</span> <span class='ocrx_word' id='word_1_232' title='bbox 143 2878 217 2952; x_wconf 90' lang='lat' dir='ltr'>quia</span> <span class='ocrx_word' id='word_1_233' title='bbox 231 2893 288 2940; x_wconf 92' lang='lat' dir='ltr'>suo</span> <span class='ocrx_word' id='word_1_234' title='bbox 301 2878 385 2938; x_wconf 91' lang='lat' dir='ltr'>militi</span> <span class='ocrx_word' id='word_1_235' title='bbox 396 2893 505 2953; x_wconf 89' lang='lat' dir='ltr'>parum</span> <span class='ocrx_word' id='word_1_236' title='bbox 515 2876 638 2950; x_wconf 86' lang='lat' dir='ltr'>fidebat,</span> <span class='ocrx_word' id='word_1_237' title='bbox 654 2877 748 2952; x_wconf 88' lang='lat' dir='ltr'>petito</span> <span class='ocrx_word' id='word_1_238' title='bbox 761 2878 919 2937; x_wconf 90' lang='lat' dir='ltr'>aconsuie</span> <span class='ocrx_word' id='word_1_239' title='bbox 930 2875 1055 2936; x_wconf 89' lang='lat' dir='ltr'>modico</span> 
     </span>
     <span class='ocr_line' id='line_1_33' title="bbox 71 2960 1054 3036; baseline 0.002 -18"><span class='ocrx_word' id='word_1_240' title='bbox 71 2960 229 3034; x_wconf 90' lang='lat' dir='ltr'>praesidio</span> <span class='ocrx_word' id='word_1_241' title='bbox 252 2977 321 3023; x_wconf 91' lang='lat' dir='ltr'>cum</span> <span class='ocrx_word' id='word_1_242' title='bbox 341 2961 498 3036; x_wconf 90' lang='lat' dir='ltr'>Gomphos</span> <span class='ocrx_word' id='word_1_243' title='bbox 512 2968 644 3035; x_wconf 89' lang='lat' dir='ltr'>peteret,</span> <span class='ocrx_word' id='word_1_244' title='bbox 667 2961 815 3036; x_wconf 91' lang='lat' dir='ltr'>oppidum</span> <span class='ocrx_word' id='word_1_245' title='bbox 839 2961 976 3035; x_wconf 90' lang='lat' dir='ltr'>protinus</span> <span class='ocrx_word' id='word_1_246' title='bbox 999 2976 1054 3020; x_wconf 91' lang='lat' dir='ltr'>no·</span> 
     </span>
     <span class='ocr_line' id='line_1_34' title="bbox 70 3044 1055 3120; baseline -0.002 -17"><span class='ocrx_word' id='word_1_247' title='bbox 70 3045 150 3104; x_wconf 92' lang='lat' dir='ltr'>mine</span> <span class='ocrx_word' id='word_1_248' title='bbox 162 3044 325 3118; x_wconf 88' lang='lat' dir='ltr'>Phaecam,</span> <span class='ocrx_word' id='word_1_249' title='bbox 342 3046 433 3105; x_wconf 91' lang='lat' dir='ltr'>situm</span> <span class='ocrx_word' id='word_1_250' title='bbox 447 3045 525 3105; x_wconf 90' lang='lat' dir='ltr'>inter</span> <span class='ocrx_word' id='word_1_251' title='bbox 538 3044 696 3120; x_wconf 89' lang='lat' dir='ltr'>Gomphos</span> <span class='ocrx_word' id='word_1_252' title='bbox 713 3045 881 3120; x_wconf 86' lang='lat' dir='ltr'>lancesque</span> <span class='ocrx_word' id='word_1_253' title='bbox 896 3050 1055 3118; x_wconf 86' lang='lat' dir='ltr'>angustas,</span> 
     </span>
     <span class='ocr_line' id='line_1_35' title="bbox 72 3126 1056 3203; baseline -0.004 -15"><span class='ocrx_word' id='word_1_254' title='bbox 72 3143 151 3202; x_wconf 88' lang='lat' dir='ltr'>quae</span> <span class='ocrx_word' id='word_1_255' title='bbox 173 3129 213 3188; x_wconf 89' lang='lat' dir='ltr'>ab</span> <span class='ocrx_word' id='word_1_256' title='bbox 228 3129 411 3190; x_wconf 88' lang='lat' dir='ltr'>Athamania</span> <span class='ocrx_word' id='word_1_257' title='bbox 425 3128 615 3188; x_wconf 88' lang='lat' dir='ltr'>Thessaliam</span> <span class='ocrx_word' id='word_1_258' title='bbox 637 3129 793 3203; x_wconf 90' lang='lat' dir='ltr'>dirimunt,</span> <span class='ocrx_word' id='word_1_259' title='bbox 815 3129 845 3188; x_wconf 85' lang='lat' dir='ltr'>vi</span> <span class='ocrx_word' id='word_1_260' title='bbox 866 3127 955 3202; x_wconf 88' lang='lat' dir='ltr'>cepit.</span> <span class='ocrx_word' id='word_1_261' title='bbox 982 3126 1056 3185; x_wconf 87' lang='lat' dir='ltr'>inde</span> 
     </span>
     <span class='ocr_line' id='line_1_36' title="bbox 72 3211 1054 3288; baseline -0.004 -18"><span class='ocrx_word' id='word_1_262' title='bbox 72 3211 229 3286; x_wconf 85' lang='lat' dir='ltr'>Gomphos</span> <span class='ocrx_word' id='word_1_263' title='bbox 252 3214 394 3288; x_wconf 90' lang='lat' dir='ltr'>adortus,</span> <span class='ocrx_word' id='word_1_264' title='bbox 417 3219 447 3270; x_wconf 92' lang='lat' dir='ltr'>et</span> <span class='ocrx_word' id='word_1_265' title='bbox 468 3227 524 3287; x_wconf 88' lang='lat' dir='ltr'>per</span> <span class='ocrx_word' id='word_1_266' title='bbox 538 3211 656 3287; x_wconf 89' lang='lat' dir='ltr'>aliquot</span> <span class='ocrx_word' id='word_1_267' title='bbox 669 3212 736 3273; x_wconf 89' lang='lat' dir='ltr'>dies</span> <span class='ocrx_word' id='word_1_268' title='bbox 752 3227 871 3272; x_wconf 90' lang='lat' dir='ltr'>summa</span> <span class='ocrx_word' id='word_1_269' title='bbox 886 3211 916 3270; x_wconf 89' lang='lat' dir='ltr'>vi</span> <span class='ocrx_word' id='word_1_270' title='bbox 933 3215 1054 3269; x_wconf 90' lang='lat' dir='ltr'>tuentes</span> 
     </span>
     <span class='ocr_line' id='line_1_37' title="bbox 70 3293 1054 3369; baseline -0.004 -16"><span class='ocrx_word' id='word_1_271' title='bbox 70 3295 195 3369; x_wconf 89' lang='lat' dir='ltr'>urbem,</span> <span class='ocrx_word' id='word_1_272' title='bbox 218 3311 286 3356; x_wconf 92' lang='lat' dir='ltr'>cum</span> <span class='ocrx_word' id='word_1_273' title='bbox 300 3297 361 3355; x_wconf 89' lang='lat' dir='ltr'>iam</span> <span class='ocrx_word' id='word_1_274' title='bbox 383 3297 484 3356; x_wconf 88' lang='lat' dir='ltr'>scalas</span> <span class='ocrx_word' id='word_1_275' title='bbox 500 3296 540 3355; x_wconf 91' lang='lat' dir='ltr'>ad</span> <span class='ocrx_word' id='word_1_276' title='bbox 555 3297 676 3356; x_wconf 91' lang='lat' dir='ltr'>moenia</span> <span class='ocrx_word' id='word_1_277' title='bbox 690 3297 855 3369; x_wconf 86' lang='lat' dir='ltr'>erexisset,</span> <span class='ocrx_word' id='word_1_278' title='bbox 879 3309 916 3354; x_wconf 92' lang='lat' dir='ltr'>eo</span> <span class='ocrx_word' id='word_1_279' title='bbox 932 3293 1054 3352; x_wconf 90' lang='lat' dir='ltr'>demum</span> 
     </span>
     <span class='ocr_line' id='line_1_38' title="bbox 70 3374 1053 3454; baseline -0.002 -17"><span class='ocrx_word' id='word_1_280' title='bbox 70 3386 152 3440; x_wconf 88' lang='lat' dir='ltr'>metu</span> <span class='ocrx_word' id='word_1_281' title='bbox 172 3380 308 3454; x_wconf 87' lang='lat' dir='ltr'>perpulit</span> <span class='ocrx_word' id='word_1_282' title='bbox 331 3381 370 3440; x_wconf 93' lang='lat' dir='ltr'>ad</span> <span class='ocrx_word' id='word_1_283' title='bbox 385 3379 583 3439; x_wconf 90' lang='lat' dir='ltr'>deditionem.</span> <span class='ocrx_word' id='word_1_284' title='bbox 615 3379 693 3440; x_wconf 88' lang='lat' dir='ltr'>haec</span> <span class='ocrx_word' id='word_1_285' title='bbox 708 3380 829 3439; x_wconf 89' lang='lat' dir='ltr'>traditio</span> <span class='ocrx_word' id='word_1_286' title='bbox 846 3374 1053 3451; x_wconf 90' lang='lat' dir='ltr'>Gomphorum</span> 
     </span>
     <span class='ocr_line' id='line_1_39' title="bbox 69 3459 1054 3537; baseline 0 -19"><span class='ocrx_word' id='word_1_287' title='bbox 69 3459 225 3537; x_wconf 86' lang='lat' dir='ltr'>ingentem</span> <span class='ocrx_word' id='word_1_288' title='bbox 251 3471 397 3524; x_wconf 88' lang='lat' dir='ltr'>terrorem</span> <span class='ocrx_word' id='word_1_289' title='bbox 418 3462 575 3523; x_wconf 89' lang='lat' dir='ltr'>Thessalis</span> <span class='ocrx_word' id='word_1_290' title='bbox 595 3463 702 3523; x_wconf 90' lang='lat' dir='ltr'>intulit.</span> <span class='ocrx_word' id='word_1_291' title='bbox 739 3461 885 3522; x_wconf 87' lang='lat' dir='ltr'>dedidere</span> <span class='ocrx_word' id='word_1_292' title='bbox 905 3459 1054 3534; x_wconf 79' lang='lat' dir='ltr'>deinceps</span> 
     </span>
    </p>
   </div>
   <div class='ocr_carea' id='block_1_3' title="bbox 0 0 1246 3900">
    <p class='ocr_par' dir='ltr' id='par_1_3' title="bbox 0 0 1246 3900">
     <span class='ocr_line' id='line_1_40' title="bbox 0 0 1246 3900; baseline 0 0"><span class='ocrx_word' id='word_1_293' title='bbox 0 0 1246 3900; x_wconf 95' lang='lat' dir='ltr'> </span> 
     </span>
    </p>
   </div>
  </div>
 </body>
</html>
