2482 3902
229 220 488 282 nmnaxxxrn.
512 223 594 284 cnr.
610 231 710 287 asco.
731 225 766 303 [ι.
780 227 888 304 com]
987 225 1048 292 113

60 381 234 436 conventus
248 407 286 420 -
298 373 456 454 Pylaicum
467 377 790 451 'appellant-ventu
812 377 942 440 Aetolos
958 395 1047 457 prae·

60 460 152 534 cipue
175 459 308 533 monuit,
336 464 514 521 constanter
534 467 565 520 et
583 459 714 522 fideliter
732 461 763 521 in
784 463 917 524 amicitia
940 462 1048 540 populi

58 542 192 606 Romani
217 550 443 618 permanerent.
479 544 659 605 Aetolorum
682 544 840 622 principes
867 545 918 606 alii
938 547 1048 608 leniter

59 626 162 703 questi
179 633 268 701 sunt,
291 627 374 702 quod
390 644 453 690 non
468 627 551 691 idem
564 643 638 703 erga
651 644 742 690 suam
755 633 878 705 gentem
890 631 1046 692 Romano-

58 727 125 772 rum
139 709 262 772 animus
278 719 371 784 esset,
387 711 485 786 quiin
500 711 581 773 bello
597 713 723 783 fuissem
744 712 796 777 alii
811 712 946 776 lerocius
960 715 1045 776 incu-

59 803 176 868 sarunt,
193 795 482 871 exprobraruntque
495 811 557 857 non
571 798 664 858 modo
677 796 757 857 vinci
769 798 837 860 sine
847 799 966 860 Aetolis
977 799 1045 860 Phi-

60 879 195 956 lippum,
221 879 279 940 scd
298 895 338 940 ne
358 880 489 940 transire
511 881 635 956 quidem
655 881 685 941 in
709 881 867 944 Graeciam
887 883 1045 946 Romanos

60 963 212 1040 potuisse.
235 964 386 1026 adversus
397 979 434 1024 ea
445 965 644 1040 respondere,
657 980 697 1026 nc
708 965 737 1024 in
750 966 979 1028 altercationem
990 983 1043 1028 ex·

62 1049 189 1110 cederet
201 1063 269 1121 ras,
286 1063 355 1110 curn
371 1047 600 1123 supersedisset
613 1049 787 1121 Romanus,
805 1051 908 1110 omnia
922 1066 978 1112 eos
993 1067 1044 1114 ae·

59 1149 119 1208 qua
133 1131 367 1207 impetraturos,
390 1133 416 1194 si
431 1133 560 1197 Romam
576 1132 747 1207 misissent,
767 1133 852 1193 dixit.
885 1133 989 1210 itaque
1005 1149 1044 1194 cx

59 1217 241 1278 auctoritate
262 1216 329 1278 eius
350 1216 466 1278 decreti
486 1215 579 1292 legali
598 1224 680 1280 sunt.
717 1217 799 1278 hunc
818 1216 911 1277 linem
931 1213 1044 1278 bellurn

58 1316 128 1362 cum
141 1299 287 1376 Philippo
302 1300 417 1362 habuit,

140 1384 277 1445 XXXVI.
302 1384 376 1444 Cum
390 1385 467 1446 haec
482 1383 514 1446 in
530 1385 658 1446 Graecia
667 1384 913 1460 Macedoniaque
928 1387 959 1444 et
968 1382 1046 1444 Asia

59 1475 248 1544 gererentur,
262 1467 413 1530 Etruriam
428 1467 571 1530 infestam
586 1485 685 1544 prope
699 1469 869 1530 coniuratio
885 1483 1044 1530 servorum

58 1554 137 1614 lecit
169 1553 211 1614 ad
232 1553 440 1628 quaerendam
460 1553 755 1630 opprimendamque
775 1568 841 1613 earn
861 1552 912 1612 Μ’.
926 1551 1044 1612 Acilius

59 1637 184 1698 Glabrio
200 1643 340 1712 praetor,
363 1635 413 1696 cui
426 1637 505 1697 inter
519 1635 603 1698 cives
616 1637 862 1713 peregrinosque
873 1634 1044 1698 iurisdictio

59 1721 222 1796 obtigerat,
240 1737 310 1784 curn
326 1737 386 1780 una
400 1736 439 1780 cx
454 1720 574 1782 duabus
589 1722 711 1796 legione
725 1721 843 1782 urbana
857 1728 905 1782 est
917 1719 1043 1782 mlesus.

57 1805 133 1866 alios
149 1805 213 1866 ianr
224 1810 426 1880 congregatos
442 1805 607 1880 pugnando
621 1803 707 1864 vicit:
729 1820 769 1864 ex
779 1805 828 1865 his
839 1804 925 1866 multi
936 1805 1042 1876 occisi,

58 1889 142 1950 multi
167 1887 265 1964 capti;
288 1888 366 1948 alios
388 1889 566 1950 verberatos
588 1889 730 1950 crucibus
746 1887 868 1960 adlisit,
893 1886 947 1963 qui
961 1887 1043 1963 prin-

60 1973 144 2048 cipes
164 1972 384 2034 coniurationis
400 1973 537 2043 lucrant;
559 1972 637 2034 alios
653 1971 785 2034 dominis
799 1972 938 2032 restituit.

146 2057 298 2118 Consules
311 2057 341 2116 in
357 2056 533 2132 provincias
545 2056 673 2132 proiecti
686 2064 765 2117 sunt.
793 2055 972 2116 Marcellum
983 2054 1042 2115 Bo·
1158 2115 1160 2120 ,

61 2141 159 2203 lorum
173 2141 348 2216 ingressum
362 2139 448 2213 finis,
470 2139 595 2216 fatigato
610 2155 666 2217 per
681 2141 760 2202 diem
776 2147 872 2200 toturn
885 2137 1045 2198 militaria

58 2225 217 2298 iacienda,
239 2232 341 2286 castra
361 2226 439 2286 inter
453 2227 586 2286 tumulos
602 2225 754 2300 quosdam
768 2230 935 2300 ponentem
950 2222 1042 2284 Coro·

58 2312 158 2372 lamus
173 2311 298 2386 quidam
312 2311 438 2384 regulus
450 2309 595 2371 Boiorum
610 2325 679 2369 curn
691 2323 802 2386 magna
811 2324 904 2368 manu
915 2307 1042 2368 adortus

57 2396 94 2454 ad
108 2395 170 2454 tria
184 2393 267 2454 milia
286 2393 442 2454 hominum
464 2393 591 2463 occidit;
614 2400 644 2453 et
657 2391 792 2454 illustres
807 2390 865 2451 viri
881 2391 997 2465 aliquot
1011 2391 1042 2450 in

56 2479 105 2538 illo
128 2477 329 2540 tumultuario
353 2478 469 2552 proelio
491 2479 683 2549 ceciderunt,
704 2477 781 2535 inter
799 2491 880 2550 quos
895 2474 1043 2549 praelecti

56 2565 179 2624 socium
192 2564 226 2622 T.
241 2561 443 2638 Sempronius
460 2561 617 2624 Gracchus
632 2567 662 2620 et
675 2559 715 2618 Μ.
731 2557 836 2618 lunius
852 2557 990 2626 SilanuS,
1013 2563 1045 2614 et

55 2646 170 2710 tribuni
181 2645 309 2708 militum
321 2646 360 2706 de
373 2647 495 2722 legione
507 2645 644 2706 secunda
656 2643 695 2702 lu.
710 2641 857 2717 Ogulnius
870 2646 900 2700 et
909 2639 941 2698 P.
955 2638 1042 2699 clau·

56 2731 138 2794 dius.
168 2736 270 2792 castra
282 2731 438 2792 tamenab
453 2727 600 2792 Romanis
616 2727 744 2802 impigre
760 2721 931 2801 permunita
943 2728 1042 2784 reten-

54 2823 166 2891 taque,
189 2829 260 2876 curn
280 2813 387 2876 hostes
412 2829 564 2890 prospera
582 2828 685 2888 pugna
699 2810 769 2872 elati
785 2806 971 2885 nequiquam
988 2822 1043 2884 op-

56 2906 263 2976 pugnassent.
300 2899 419 2960 stativis
441 2897 553 2972 deinde
574 2897 673 2958 isdem
687 2911 744 2972 per
758 2894 825 2955 dies
840 2893 957 2969 aliquot
971 2907 1044 2952 sese

54 2984 168 3057 tenuit,
191 2983 264 3044 dum
278 2990 309 3044 ct
322 2983 446 3044 saucios
462 2989 582 3044 curaret
596 2987 627 3041 et
640 2997 679 3042 ex
694 2987 776 3042 tanto
791 2985 908 3040 terrore
923 2975 1043 3038 animos

56 3067 185 3128 militum
199 3067 351 3128 reliceret.
374 3065 452 3142 Boii,
467 3073 501 3128 ut
513 3073 561 3127 cst
575 3081 652 3140 gens
666 3064 789 3126 minime
804 3063 844 3123 ad
858 3077 965 3124 morae
978 3068 1042 3120 tac·

54 3152 144 3212 dium
162 3152 323 3212 serendum
345 3153 480 3227 patiens,
502 3151 533 3210 in
548 3151 674 3210 castella
688 3163 747 3210 sua
759 3148 909 3222 vicosque
925 3145 1043 3220 passim

55 3235 169 3311 dilapsi
185 3242 267 3296 sunt.
296 3235 459 3296 Marcellus
472 3234 556 3296 Pado
572 3233 732 3294 confestim
747 3232 873 3293 uaiecto
888 3229 918 3288 in
935 3241 1043 3300 agrum

55 3317 255 3391 Comensem,
283 3319 335 3380 ubi
359 3319 506 3380 Insubres
532 3315 733 3380 Comensibus
758 3315 799 3375 ad
824 3328 907 3374 arma
932 3309 1042 3370 excitis

55 3409 161 3464 castra
179 3404 350 3479 habebant,
375 3405 513 3478 legiones
534 3402 626 3464 ducit.
663 3401 739 3476 Galli
761 3399 881 3458 feroces
895 3394 1046 3456 Boiorum

54 3493 129 3547 ante
144 3487 211 3548 dies
233 3503 353 3563 paucos
369 3503 474 3563 pugna
487 3486 519 3548 in
532 3486 602 3562 ipso
618 3484 726 3545 itinere
741 3481 890 3559 proelium
906 3476 1043 3540 commit·

99 3588 209 3631 r.n1v1
232 3589 309 3632 anns
332 3573 383 3630 lv.
810 3573 828 3627 8
