2506 3898
206 201 267 264 288
340 200 455 262 LIBER
469 197 616 265 xxxvii.
640 201 834 263 causam.
857 209 893 274 [a.
908 205 940 258 υ.
954 225 977 258 0.
991 202 1051 272 soa]

204 372 269 419 rum
286 364 448 430 postquam
462 354 538 414 alias
553 353 784 427 circumventas,
803 352 986 429 praetoriam
1001 367 1109 412 navem
1122 352 1171 412 Po·

204 439 368 518 lyxenidae
388 438 502 498 relictis
517 436 611 497 sociis
627 439 695 496 vela
709 437 831 497 dantem
846 435 967 508 videre,
990 434 1117 496 sublatis
1130 452 1171 494 ra-

204 522 277 598 ptim
298 521 461 582 dolonibus
476 553 517 564 -
532 527 562 582 et
575 528 641 580 erat
659 521 815 582 secundus
836 519 1009 594 petentibus
1023 518 1173 593 Ephesum

203 611 543 680 ventus—capessunt
566 605 669 678 lugam
690 602 891 679 quadraginta
909 601 1029 664 duabus
1050 601 1172 664 navibus

203 690 234 748 in
249 703 287 748 ea
306 703 409 764 pugna
422 684 558 760 amissis,
582 703 711 761 quarum
725 687 832 746 decem
847 693 909 746 tres
925 694 1034 760 captae
1049 684 1081 744 in
1096 691 1173 760 pote-

203 779 312 832 statem
325 770 458 832 hostium
472 777 629 844 venerunt,
645 778 764 830 ceterae
782 769 927 830 incensae
941 777 994 830 aut
1011 769 1173 828 demersae.

203 855 409 915 Romanorum
426 853 505 912 duae
519 868 617 912 naves
632 854 746 914 lractae
762 859 840 924 sunl,
856 853 1034 912 vulneratae
1050 850 1173 926 aliquot:

203 935 322 997 Rhodia
334 953 396 997 aaa
410 943 501 1012 capta
514 935 701 996 memorabili
717 951 801 996 casu.
827 951 896 998 nam
911 949 980 996 cum
993 941 1098 995 rostro
1114 949 1174 1010 per·

203 1020 354 1080 cussisset
373 1019 531 1080 Sidoniam
550 1034 674 1094 navem,
699 1034 813 1078 ancora
832 1020 893 1080 ictu
915 1019 985 1093 ipso
1008 1033 1175 1078 excussae

204 1119 282 1163 nave
296 1118 355 1164 sua
367 1118 448 1164 unco
464 1102 569 1175 dente,
585 1104 667 1163 velut
680 1117 772 1162 manu
785 1105 885 1162 lerrea
898 1103 1019 1175 iniecta,
1039 1099 1176 1176 adligavit

203 1186 328 1248 alterius
343 1203 482 1263 proram3
503 1186 575 1246 inde
589 1185 717 1246 tumultu
731 1185 840 1248 iniecto
857 1202 925 1246 cum
938 1184 1087 1246 divellere
1098 1199 1132 1244 se
1143 1184 1175 1244 ab

203 1267 292 1331 hoste
318 1272 476 1345 cupientes
501 1269 671 1330 inhiberent
688 1268 814 1343 Rhodii,
839 1276 967 1330 tractum
987 1269 1134 1329 ancorale
1152 1275 1177 1326 et

203 1352 377 1428 implicitum
401 1355 493 1413 remis
518 1353 596 1413 latus
618 1355 744 1414 alterum
769 1353 908 1422 detersit;
937 1351 1126 1412 debilitatam
1145 1366 1175 1410 ea

203 1433 280 1509 ipsa,
297 1451 376 1510 quae
390 1436 450 1496 icta
464 1435 652 1509 cohaeserat,
666 1435 753 1496 navis
765 1435 854 1511 oepit.
874 1435 934 1495 hoc
946 1435 1081 1494 maxime
1093 1435 1174 1495 modo

203 1518 242 1576 ad
256 1518 459 1595 Myonnesum
472 1519 572 1578 navali
587 1520 704 1593 proelio
720 1527 886 1593 pugnatum
900 1525 958 1578 est.

286 1601 389 1660 xxxi.
411 1600 476 1674 Quo
489 1601 610 1662 territus
620 1601 800 1675 Antiochus,
817 1601 889 1677 quia
904 1600 1112 1677 possessione
1121 1616 1173 1660 ma-

203 1686 244 1744 ris
261 1685 368 1758 pulsus
384 1684 550 1758 longinqua
564 1684 640 1744 tueri
652 1685 810 1744 dilddebat
824 1701 859 1746 se
873 1699 978 1760 posse,
992 1683 1174 1759 praesidium

203 1768 241 1828 ab
255 1766 465 1844 Lysimachia,
486 1783 525 1826 ne
540 1767 762 1842 opprimeretur
775 1768 816 1828 ibi
830 1769 870 1829 ab
884 1769 1048 1842 Romanis,
1072 1765 1173 1829 deduci
1229 1805 1230 1812 ι

204 1865 308 1926 pravo,
324 1857 357 1910 ut
370 1865 421 1910 res
436 1849 506 1925 ipsa
516 1858 630 1926 postea
642 1851 753 1924 docuit,
769 1852 898 1913 oonsilio
910 1851 1008 1913 iussit.
1025 1850 1172 1913 nonenim

203 1932 279 1996 tueri
293 1935 393 1994 solum
406 1934 630 2009 Lysimachiam
644 1950 663 1994 a
677 1935 774 2010 primo
789 1936 904 2011 impetu
915 1937 1125 1996 Romanorum
1138 1936 1173 1994 la·

203 2016 260 2078 oile
281 2023 361 2090 erat,
383 2018 438 2076 sed
460 2017 652 2079 obsidionem
673 2018 763 2078 etiam
783 2035 838 2094 per
850 2025 944 2080 totam
958 2018 1093 2079 hiemem
1108 2019 1172 2078 tole·
1228 2035 1229 2062 ι

202 2114 280 2174 rare,
301 2107 330 2158 et
345 2099 515 2160 obsidentis
530 2116 654 2176 quoque
672 2102 712 2160 ad
726 2102 860 2162 ultimam
876 2103 1010 2178 inopiam
1024 2102 1174 2162 adducere

202 2181 390 2240 extrahendo
405 2188 536 2256 tempus,
551 2190 582 2242 et
594 2183 712 2242 interim
727 2201 815 2259 spem
830 2187 916 2261 pacis
929 2201 985 2262 per
996 2186 1173 2247 occasiones

203 2269 357 2337 temptare.
379 2278 437 2322 nec
447 2263 672 2342 Lysimachiam
689 2274 805 2329 tantum
819 2269 959 2330 hostibus
974 2268 1101 2344 tradidit
1111 2274 1175 2344 post

201 2345 363 2406 adversam
383 2349 522 2408 navalem
544 2365 691 2425 pugnam,
713 2353 876 2413 sedetiam
892 2353 1084 2428 colophonis
1100 2351 1173 2414 obsi·
1227 2391 1228 2417 t

202 2429 292 2490 dione
314 2430 466 2494 abscessit
479 2439 510 2492 et
525 2431 632 2494 Sardis
652 2435 768 2510 recepit
782 2452 834 2506 se3
858 2444 949 2511 atque
968 2436 1041 2496 inde
1055 2437 1089 2496 in
1104 2435 1172 2510 Cap·

203 2513 362 2587 padociam
376 2515 415 2574 ad
430 2516 627 2589 Ariarathen,
646 2518 698 2592 qui
713 2519 827 2579 auxilia
840 2527 1042 2594 arcesserent,
1058 2527 1092 2582 et
1105 2535 1172 2595 quo·
1226 2569 1227 2574 ,

201 2613 332 2672 cumque
347 2598 406 2658 alio
422 2606 540 2674 poterat
552 2600 710 2675 adcopias
723 2603 957 2677 contrahendas,
972 2604 1002 2662 in
1014 2621 1109 2665 unum
1121 2604 1172 2663 iara
1226 2593 1227 2661 l

201 2681 370 2757 consilium,
385 2689 419 2743 ut
432 2683 498 2744 acie
513 2683 678 2757 dimicaret,
694 2685 826 2746 intentus
840 2687 931 2747 misit.

285 2765 421 2838 Regillus
435 2767 583 2828 Aemilius
603 2774 676 2842 post
694 2768 850 2830 victoriam
865 2771 1004 2830 navalem
1020 2773 1170 2846 proiectus
1225 2813 1226 2826 ,

202 2845 370 2921 Ephesum,
393 2847 515 2911 directis
537 2857 606 2910 ante
621 2858 742 2926 portum
757 2852 901 2925 navibus,
924 2869 992 2914 cum
1008 2854 1168 2914 confessio·
1225 2835 1226 2905 l

201 2943 269 2988 nem
291 2931 433 2990 concessi
453 2936 545 2994 maris
565 2934 699 2994 ultimam
719 2935 800 2996 hosti
816 2936 1040 3011 expressisset,
1063 2937 1169 3007 chium,

202 3027 263 3086 quo
288 3018 357 3072 ante
382 3015 491 3075 navale
511 3017 660 3091 proelium
682 3033 804 3080 cursum
824 3020 863 3080 ab
884 3019 977 3082 Samo
998 3021 1169 3089 intenderat,

202 3093 332 3190 navigat.
355 3095 396 3156 ibi
411 3114 505 3160 naves
521 3099 549 3158 in
565 3102 681 3174 proelio
699 3110 861 3177 quassatas
877 3101 1168 3178 oum1·eiecissel,L.
1224 3057 1225 3149 l

201 3179 361 3239 Aemilium
374 3179 522 3242 Scaurum
537 3199 606 3242 oum
620 3185 742 3260 triginta
752 3187 883 3248 navibus
893 3187 1126 3262 Hellespontum
1136 3184 1168 3243 ad

201 3263 367 3323 exercitum
392 3266 589 3326 traiciendum
608 3268 703 3344 misit,
728 3269 867 3332 Rhodios
887 3279 974 3346 parto
995 3272 1128 3347 praedae
1146 3275 1170 3325 ot
1223 3287 1224 3290 ¹

202 3345 309 3442 spoliis
330 3349 487 3410 navalibus
509 3350 670 3412 decoratos
692 3353 815 3414 domum
828 3354 929 3416 redire
943 3355 1035 3416 iubet.
1066 3349 1168 3416 Rhodii
1223 3305 1224 3396 l

202 3440 329 3502 tmptgre
351 3438 560 3504 praevertere,
583 3436 622 3493 ad
643 3437 888 3505 traiciendasaue
909 3439 1016 3513 copias
1040 3433 1166 3500 consulis
