2482 3900
238 232 355 293 traua
368 231 474 294 xxia
497 233 633 296 curas.
646 243 690 295 ιο.
713 239 749 308 a.
763 235 871 313 0.an
1003 233 1046 296 aa

64 387 162 450 versis
177 385 323 446 limitibus
338 394 485 446 terrorem
501 386 640 461 praebuit
655 385 788 446 subitum
803 385 894 446 hosti.
922 402 1046 447 movere

65 473 166 547 itaque
180 470 501 542 exPluinnaRomani,
518 477 548 528 ct
563 470 603 528 ad
611 468 787 544 Osphagum
803 469 915 530 llumen
932 486 1039 545 posue·

63 563 130 616 runt
156 559 266 614 castra.
296 567 353 612 rex
377 553 459 613 hand
487 554 595 628 procul
617 553 688 612 inde
709 561 738 613 el
759 554 827 628 ipse
848 554 929 612 vallo
951 569 1047 628 super

65 640 158 715 ripam
179 637 277 697 amnis
303 639 394 697 ducto
408 637 629 712 -Erigonum
651 639 769 696 incolae
790 645 960 698 vocant-
974 651 1046 698 con-

64 723 150 782 sedit.
179 721 252 780 inde
266 721 342 782 satis
357 728 513 797 comperto
528 721 700 780 Eordaeam
715 721 864 797 petituros
878 723 1042 794 Romanos,

63 807 100 866 ad
115 806 318 881 occupandas
333 806 499 880 angustias,
522 822 561 865 ne
576 821 724 882 superare
739 806 845 866 hostes
860 807 932 866 artis
949 807 1044 866 lauci-

64 891 118 951 bus
139 889 294 951 inclusum
314 890 429 951 editum
445 896 588 966 possent,
611 889 790 966 praecessit.
822 887 862 948 ibi
881 891 940 950 alia
953 893 1045 965 vallo,

62 975 119 1033 alia
135 973 231 1047 fossa,
247 974 308 1033 alia
322 973 457 1049 lapidum
473 975 624 1048 congerie,
640 980 674 1033 ut
686 989 743 1048 pro
755 989 842 1032 muro
855 982 968 1045 essent,
986 975 1046 1034 alia

62 1057 223 1119 arboribus
245 1057 389 1130 obiectis,
413 1064 447 1117 ut
466 1063 519 1118 aut
539 1059 628 1117 locus
649 1055 827 1131 postulabat
846 1062 900 1116 aut
919 1057 1044 1116 materia

63 1142 279 1218 suppeditabat
303 1157 437 1218 propere
457 1141 635 1217 permuniit,
659 1147 752 1215 atque
770 1147 805 1200 ut
825 1141 893 1216 ipse
913 1141 1043 1213 rebatur,

63 1229 141 1288 viam
158 1233 270 1301 suapte
284 1232 393 1286 natura
403 1225 559 1285 dilllcilcm
570 1225 698 1286 obiectis
711 1240 768 1300 per
779 1239 885 1284 omnes
898 1227 1042 1284 transitus

63 1310 208 1386 operibus
230 1308 498 1385 inexpugnabilem
514 1307 594 1369 lacit.
627 1316 713 1367 crant
728 1309 875 1383 pleraque
891 1308 1044 1368 silvestria

64 1395 156 1468 circa,
180 1394 375 1454 incommoda
398 1392 541 1468 phalangi
563 1393 694 1452 maxime
713 1392 931 1464 Macedonum,
956 1407 1045 1466 uuae,

62 1478 117 1539 nisi
132 1477 187 1538 ubi
208 1478 384 1554 praelongis
405 1477 502 1536 hastis
516 1477 600 1536 velut
613 1477 726 1536 vallum
743 1483 811 1536 ante
826 1475 944 1550 clipeos
961 1475 1046 1535 obic-

62 1563 105 1637 clt,
123 1561 211 1637 quod
225 1568 259 1621 ut
272 1561 333 1634 liat,
349 1559 444 1619 libero
460 1576 570 1636 campo
586 1576 666 1636 opus
682 1567 737 1632 cst,
754 1561 866 1619 nullius
878 1560 1043 1620 admodum

60 1662 135 1706 usus
152 1651 210 1704 cst
233 1644 367 1704 Thracas
384 1659 508 1718 quoque
523 1646 672 1719 rumpiae‚
686 1645 816 1720 ingentis
831 1652 862 1705 et
876 1645 964 1721 ipsae
979 1647 1043 1704 lon·

59 1729 219 1805 gitudlnis,
235 1729 312 1788 inter
324 1728 462 1788 obiectos
473 1729 611 1801 undiquc
620 1745 723 1789 ramas
734 1729 950 1804 impediebant.
976 1729 1044 1790 Cre-

59 1814 192 1876 tensium
206 1829 269 1872 una
280 1812 393 1872 cohors
408 1829 470 1872 non
485 1811 598 1872 inutilis
613 1821 692 1872 erat:
714 1813 770 1872 sed
785 1828 823 1871 ea
838 1829 962 1888 quoque
976 1814 1046 1889 ipsa

58 1905 104 1973 ut,
125 1897 154 1958 si
178 1897 249 1972 quis
269 1896 414 1971 impetum
432 1897 561 1968 laceret,
583 1896 613 1954 in
630 1903 782 1971 patentem
797 1897 916 1956 vulneri
931 1913 1045 1972 equum

58 1981 259 2058 equitemque
279 1981 407 2056 sagittas
424 1980 565 2040 conicere
580 1987 713 2056 poterat,
736 1981 779 2040 ita
792 1981 942 2041 adversus
958 1987 1046 2040 scuta

57 2067 201 2128 Romana
221 2079 279 2124 nac
299 2064 340 2123 ad
357 2063 559 2124 traiciendum
583 2065 657 2124 salis
671 2080 813 2140 magnam
827 2065 889 2122 vim
904 2064 1045 2133 habebat,

57 2167 113 2210 nec
128 2149 233 2225 aperti
247 2148 412 2222 quicquam
426 2155 492 2208 arat
507 2149 590 2224 quod
605 2155 751 2225 peterent.
780 2149 884 2223 itaquo
898 2147 930 2207 id
943 2157 976 2208 ut
990 2165 1044 2206 va-

57 2251 129 2294 num
147 2233 203 2293 teli
224 2247 321 2307 genus
342 2238 505 2294 senserunt
525 2247 611 2307 esse,
637 2234 723 2293 saxis
743 2233 862 2308 passim
881 2237 945 2292 tota
966 2234 1046 2292 valle

56 2317 232 2379 iacentibus
261 2317 457 2377 incessebant
481 2315 613 2377 hostem.
650 2333 687 2376 ea
706 2317 823 2377 maiore
848 2331 918 2376 cum
944 2318 1046 2378 sonitu

58 2419 151 2476 quam
177 2401 306 2461 vulnere
329 2401 391 2462 ullo
415 2401 546 2476 pulsatio
572 2408 728 2462 scutorum
753 2417 918 2476 parumper
938 2417 1045 2461 succe·

58 2486 161 2547 dentis
175 2485 334 2546 Romanos
348 2485 450 2546 tenuit.
481 2485 592 2544 deinde
605 2486 643 2545 iis
660 2501 784 2562 quoque
800 2484 921 2559 spretis,
937 2486 1046 2559 partim

56 2569 216 2632 testudine
238 2569 319 2628 lacta
332 2585 389 2644 per
403 2570 553 2630 adversos
568 2571 684 2629 vadunt
698 2569 813 2636 hostis;
834 2569 944 2641 partim
958 2567 1045 2626 brevi

57 2655 190 2716 circuitu
219 2669 288 2713 cum
316 2653 346 2712 in
372 2654 475 2728 iugum
504 2651 592 2713 collis
623 2653 811 2724 evasissent,
841 2651 980 2726 trepidos
1007 2666 1045 2708 ex

55 2737 225 2814 praesidiis
241 2737 486 2813 stationibusque
499 2737 687 2797 Maccdonas
703 2735 878 2805 deturbant,
902 2741 945 2808 et,
969 2742 1001 2795 ut
1015 2735 1045 2794 in

56 2823 135 2883 locis
153 2821 324 2902 impeditis,
347 2821 464 2882 dillicili
479 2823 552 2896 luga
565 2823 734 2897 plerosque
749 2821 839 2880 etiam
855 2819 1044 2880 obtruncant.

55 2905 116 2968 XL.
148 2907 192 2965 ita
212 2905 372 2980 angustiae
392 2905 511 2965 minore
533 2906 696 2966 certamine
718 2920 809 2980 quam
832 2905 916 2978 quod
937 2905 1045 2964 animis

56 2996 292 3066 proposuerant
306 2996 486 3065 superatae,
503 2995 532 3049 el
546 2991 576 3048 in
590 2990 762 3050 Eordaeam
777 2994 971 3064 perventum,
992 2989 1046 3048 ubi

55 3073 246 3150 pervastatis
268 3074 385 3150 passim
404 3074 487 3148 agris
502 3074 533 3133 in
547 3073 684 3134 Elimiam
700 3089 735 3133 se
748 3073 873 3148 recepit.
904 3073 976 3133 inde
992 3072 1046 3130 im-

56 3165 164 3234 petum
186 3159 216 3218 in
233 3157 403 3218 Orestidem
426 3157 511 3230 lacit,
534 3165 564 3217 el
586 3159 732 3234 oppidum
754 3157 903 3217 Celetrum
924 3163 971 3216 est
992 3155 1038 3213 ad·

55 3258 199 3317 gressus,
207 3242 238 3302 in
251 3243 434 3316 paeninsula
445 3241 544 3302 situm.
560 3241 775 3302 lacusmoenia
787 3241 894 3316 cingit3
908 3239 1046 3314 angustis

55 3327 203 3388 faucibus
218 3342 313 3387 uuum
329 3342 368 3386 ex
383 3325 548 3386 continenti
563 3326 620 3386 iter
633 3334 689 3387 cst.
712 3325 809 3401 primo
825 3323 885 3384 situ
897 3323 967 3397 ipso
978 3323 1046 3382 freti

57 3411 177 3471 clausis
192 3411 291 3486 portis
307 3409 443 3470 abnuero
458 3410 632 3486 imperium;
655 3409 766 3470 deinde
782 3413 945 3483 postquam
958 3405 1046 3480 signa

58 3495 135 3554 terri
156 3511 192 3555 ac
206 3494 362 3556 testudine
383 3494 508 3554 succedi
523 3495 563 3554 ad
580 3501 697 3569 portam
713 3493 923 3612 obsessasque
939 3491 1044 3550 lauces
