2480 3904
132 197 200 269 sel
248 203 364 266 LIBER
378 204 511 266 xxxvl
533 202 788 266 classeam.
810 209 847 276 [a.
861 209 897 261 υ.
910 210 1010 278 eaor]

135 363 223 420 erant
236 355 337 419 Aetoli
358 355 489 432 primum
510 369 617 416 corum
639 355 691 430 qui
712 369 822 430 rupem
837 364 984 432 ceperant
1006 359 1119 420 clamo·

134 457 213 516 rem,
230 439 342 500 deinde
356 437 502 514 immtum
516 438 556 498 ab
570 439 648 499 urbe
660 441 878 515 Romanorum,
894 447 925 500 et
938 441 1044 502 tractis
1059 442 1120 502 iam

135 524 260 599 animis,
281 530 311 582 et
330 523 414 584 nulla
434 521 475 583 ibi
496 529 680 598 praeparata
693 538 727 583 re
741 523 781 584 ad
796 523 989 585 obsidionem
1005 525 1120 586 diutius

134 607 340 681 tolerandam,
362 611 469 682 utpote
490 607 684 682 congregatis
700 607 821 668 leminis
835 607 1006 685 puerisque
1020 615 1051 670 et
1065 609 1120 668 im-

134 689 207 753 belli
227 691 287 752 alia
306 689 396 750 turba
416 690 447 749 in
462 703 579 764 arcem,
601 705 681 764 quae
694 689 747 750 vix
762 705 889 766 capere,
913 693 1027 753 nedum
1040 693 1120 754 tueri

135 773 356 836 multitudinem
374 779 487 834 tantam
504 780 627 848 posset:
654 773 759 850 itaque
773 775 813 834 ad
828 774 959 850 primum
973 775 1121 851 impetum

135 858 262 920 abiectis
272 857 366 920 armis
379 857 564 918 dediderunt
574 872 655 918 sese.
670 858 799 920 trudltus
810 859 889 920 inter
901 867 1021 920 ceteros
1033 860 1120 936 prin·

135 957 212 1018 ceps
222 941 402 1003 Aetolorum
414 942 608 1003 Damocritus
623 949 678 1018 est,
694 941 747 1019 qui
761 942 913 1018 principio
927 941 1000 1003 belli
1011 944 1122 1004 decre

134 1035 199 1088 tum
209 1025 399 1102 Aetolorum,
415 1041 477 1102 quo
491 1027 713 1088 arcessendum
723 1025 909 1089 Antiochum
923 1032 1122 1103 censuerant,

133 1111 166 1172 Τ.
181 1109 320 1185 Quinctio
340 1110 482 1186 poscenti
502 1110 707 1186 responderat
726 1111 757 1170 ln
771 1110 858 1171 ltalia
871 1111 1027 1186 daturum,
1048 1127 1121 1171 cum

124 1201 236 1256 >castra
255 1193 297 1254 ibi
311 1195 412 1256 Aetoli
433 1191 622 1270 posuissent.
656 1193 696 1254 ob
717 1209 783 1254 earn
798 1193 944 1255 ferociam
959 1194 1058 1254 maius
1071 1194 1122 1254 vl·

129 1278 272 1340 ctoribus
287 1279 432 1354 gaudium
447 1279 576 1340 traditus
591 1277 655 1338 luit.

218 1361 311 1424 XXV.
340 1363 458 1423 Eodem
471 1370 610 1438 tempore
625 1376 686 1438 quo
701 1361 830 1423 Romani
844 1360 1033 1436 Heracleam,
1048 1361 1122 1421 Plri-

134 1445 239 1524 lippus
251 1446 383 1508 Lamiam
398 1460 438 1506 ex
453 1447 623 1522 composito
637 1445 866 1522 oppugnabam,
882 1445 963 1506 circa
972 1444 1122 1506 Thermo·

136 1533 227 1608 pylas
243 1548 311 1592 cum
326 1531 453 1592 consule
467 1531 615 1591 redeunte
630 1545 669 1590 ex
682 1528 820 1603 Boeotia,
837 1535 871 1590 ut
883 1529 1042 1591 victoriam
1056 1528 1124 1604 ipsl

137 1613 1123 1690 populoqueltomonogratulareturexcusaretque,quodmorbo

136 1698 299 1772 impeditus
315 1699 395 1760 bello
407 1715 468 1758 non
483 1696 681 1773 interfuisset,
697 1713 895 1773 congressus.
917 1695 1121 1758 indediversi

136 1781 175 1840 ad
191 1782 268 1842 duas
283 1783 373 1843 simul
388 1784 615 1860 oppugnandas
632 1781 725 1843 urbes
744 1781 882 1858 protecti.
905 1779 1119 1842 intersuntse

137 1873 218 1940 ptem
242 1867 325 1926 milia
350 1868 445 1928 ferme
465 1884 630 1943 passuum;
660 1873 690 1926 et
711 1866 783 1942 quia
796 1863 906 1926 Lamia
925 1879 994 1926 cum
1014 1865 1121 1941 posits

137 1956 183 2010 ost
202 1950 232 2009 in
253 1954 382 2023 tumulo,
407 1960 470 2012 tum
492 1948 649 2028 regionem
663 1950 795 2010 maxime
811 1949 905 2010 Oetae
917 1955 1046 2025 spectat
1062 1965 1119 2025 op

71 2035 74 2041 “
137 2034 209 2108 pido
232 2051 324 2108 quam
344 2036 439 2094 breve
460 2036 651 2096 intervallum
672 2035 808 2108 videtur,
830 2040 861 2094 et
881 2033 983 2094 omnia
998 2032 1027 2092 in
1043 2049 1119 2095 con·

135 2123 244 2190 spectu
259 2124 338 2177 sunt.
370 2133 438 2177 cum
453 2119 557 2193 enixe,
579 2120 663 2178 velut
676 2119 838 2194 proposito
855 2117 1034 2192 certamino,
1055 2117 1118 2177 Ro-

134 2199 216 2257 mani
229 2198 481 2276 Macedonesque
502 2199 582 2261 diem
603 2217 641 2262 ac
654 2207 775 2263 noctem
790 2209 842 2263 aut
855 2200 885 2262 in
902 2201 1050 2278 operibus
1066 2207 1118 2262 aut

134 2281 164 2340 in
180 2281 306 2356 proeliis
321 2291 435 2358 essent,
449 2283 510 2346 hoc
525 2285 623 2346 maior
634 2285 797 2348 dillieultas
808 2285 1030 2347 Macedonibus
1043 2293 1118 2360 erat,

135 2367 220 2440 quod
232 2366 363 2430 Romani
384 2383 497 2445 aggere
518 2377 550 2432 et
567 2368 667 2432 vineis
690 2376 721 2430 et
733 2370 875 2432 omnibus
894 2385 990 2447 supra
1004 2375 1119 2430 terram

135 2451 296 2526 operibus,
318 2452 427 2514 subtus
446 2452 634 2515 Macedones
656 2453 804 2514 cuniculis
826 2453 1066 2530 oppugnabam
1089 2461 1121 2513 et

134 2531 164 2594 in
187 2534 307 2612 asperis
328 2536 407 2598 locis
428 2536 507 2599 silex
528 2553 625 2615 saepe
644 2536 883 2613 impenetrabilis
905 2540 987 2600 terro
1009 2553 1118 2598 occur-

133 2618 229 2679 rebat.
262 2628 292 2679 et
306 2635 376 2681 cum
389 2637 498 2696 parum
514 2621 696 2698 procederet
710 2622 873 2698 inceptum,
889 2637 946 2698 per
961 2621 1121 2698 colloquia

134 2700 306 2778 principum
321 2703 496 2778 oppidanos
512 2705 679 2780 temptabat
692 2721 762 2778 rex,
784 2711 818 2768 ut
831 2705 938 2766 urbem
954 2706 1116 2783 dederent,

133 2784 217 2844 lraud
231 2784 354 2858 dubius,
371 2786 453 2860 quin,
469 2788 496 2846 si
507 2787 593 2862 prius
605 2789 755 2850 Heraclea
766 2797 856 2865 capta
867 2791 954 2865 torel,
966 2789 1118 2852 Romanis

134 2883 169 2926 se
180 2865 284 2942 polius
298 2885 389 2942 quam
401 2868 460 2929 sibi
471 2869 603 2932 dedituri
614 2881 727 2948 essent,
741 2874 1031 2950 suamqucgratiam
1043 2891 1117 2936 con-

134 2951 182 3010 sul
196 2948 227 3010 iu
242 2949 406 3014 obsidione
421 2951 579 3016 liberanda
593 2956 728 3016 facturus
741 2964 833 3019 esset.
856 2972 914 3018 nec
925 2975 995 3018 eum
1008 2958 1116 3034 opinio

134 3043 180 3095 est
201 3036 358 3097 frustrata:
392 3037 552 3098 confestim
573 3039 653 3100 enim
668 3040 707 3100 ab
721 3040 870 3102 Heraclea
885 3048 975 3117 capta
990 3042 1117 3104 nuntius

133 3116 225 3194 venit,
239 3127 273 3180 ut
288 3119 518 3196 oppugnatione
529 3121 707 3194 obsisterem
729 3123 861 3200 aequius
872 3140 945 3186 esse
954 3125 1116 3188 Romanos

132 3201 253 3278 milites,
269 3205 321 3280 qul
336 3203 403 3266 acie
418 3202 619 3268 dimicassent
632 3223 702 3268 cum
716 3208 850 3284 Aetolis,
867 3208 1006 3284 praemia
1018 3209 1116 3271 victo-

131 3287 195 3344 riae
216 3287 339 3348 habere.
371 3287 414 3350 ita
432 3304 591 3350 recessum
611 3291 650 3350 ab
664 3291 768 3351 Lamia
782 3299 847 3366 est,
870 3299 900 3353 et
920 3291 1115 3368 propinquae

133 3368 221 3426 clade
236 3369 321 3429 urbis
335 3371 405 3446 ipsi,
422 3389 461 3431 ne
477 3374 552 3448 quid
566 3373 665 3434 simile
678 3371 861 3450 paterentur,
877 3375 1061 3450 effugerunt.

217 3449 323 3508 XXVI.
347 3453 456 3514 Paucis
472 3455 650 3532 priusquam
665 3458 813 3518 Heraclea
827 3467 989 3534 caperetur
1002 3460 1112 3522 diebus
