2480 3904
155 221 216 288 172
297 217 559 282 tmnnxlllllv.
583 215 776 278 caesam.
799 218 993 288 [suasae]
1078 205 1082 210 “

88 356 90 362 ’
153 373 368 438 aedificaverit.
402 370 476 446 quid
490 369 580 444 igitur
595 369 693 429 simile
708 383 794 441 esse,
811 383 849 427 ex
866 383 904 428 ea
917 367 1131 446 possessione,

152 463 194 522 ita
208 465 310 535 parta,
325 457 366 516 ita
379 460 575 530 recuperata,
592 453 703 513 deduci
717 451 916 526 Antiochum,
932 458 962 514 et
976 453 1134 514 Romanos

152 543 306 607 abstinere
319 538 409 610 Asia,
433 554 513 615 quae
533 552 699 612 numquam
721 551 826 597 eorum
840 536 951 598 lueritt
971 535 1134 597 amicitiam

150 629 358 689 Romanorum
372 629 518 698 expetere
526 620 720 694 Antiochum,
735 621 793 680 sed
808 635 888 696 qnae
897 620 1060 696 impetrata
1070 622 1135 696 glo-

150 711 215 772 riae
230 708 304 780 sibi,
320 705 382 768 non
397 705 509 782 pudori
524 705 572 765 sit
600 703 732 768 adhaec
747 703 904 779 Quinctius
919 704 1135 782 „quandoqui-

152 795 241 856 dem“
255 791 354 868 iuquit
367 791 517 867 „honesta
532 805 708 865 pensamus,
728 789 808 848 sictut
821 793 874 848 ant
886 790 955 850 sola
969 795 1022 852 aut
1037 789 1133 866 prirua

152 885 235 939 certe
248 874 373 953 pensari
385 875 474 934 decet
485 873 615 950 principi
627 871 711 932 orbis
722 879 869 932 terrarum
879 874 995 948 populo
1007 878 1039 932 ct
1051 879 1135 933 tanto

151 963 226 1037 regi,
243 967 341 1022 utrum
354 959 477 1020 tandem
493 957 612 1018 videtur
625 955 794 1029 honestius,
816 955 929 1016 liberas
943 955 1024 1015 velle
1035 956 1136 1024 omnis

153 1060 233 1121 quae
252 1042 367 1120 ubique
388 1049 460 1103 sunt
475 1041 621 1101 Graeciae
635 1039 736 1111 urbis,
757 1056 797 1099 an
811 1055 919 1100 servas
932 1046 963 1100 et
975 1039 1134 1114 vectigalis

152 1131 277 1190 iaceret
297 1128 324 1188 si
340 1125 399 1188 sihi
412 1124 583 1188 Antiochus
599 1123 760 1200 pulchrum
774 1138 846 1186 asse
861 1131 975 1198 censet,
991 1139 1071 1200 quas
1085 1139 1135 1184 ur-

153 1214 210 1274 bas
225 1227 362 1288 proavus
377 1211 449 1272 beili
464 1210 530 1270 iure
543 1208 692 1283 habuerit,
709 1223 785 1268 avus
800 1214 952 1284 pmerque
964 1223 1136 1284 numquam

153 1295 371 1372 usurpaverint
384 1311 441 1370 pro
458 1294 539 1368 suis,
560 1309 614 1353 eas
628 1299 768 1368 repetere
783 1293 813 1351 in
828 1292 1016 1366 servitutem,
1032 1298 1064 1352 ct
1078 1307 1137 1366 po·

71 1444 78 1447 ,
155 1382 246 1456 padus
268 1381 424 1440 Romanus
450 1384 628 1453 susceptum
648 1375 852 1451 patrocinium
872 1375 1020 1438 libertatis
1042 1375 1136 1436 Grae

155 1481 261 1525 corum
275 1479 337 1524 uon
351 1462 496 1522 deserere
509 1460 582 1521 fidei
598 1460 851 1536 constantiaeque
865 1473 942 1520 suae
955 1459 1041 1520 ducit
1054 1473 1136 1520 esse.

155 1548 234 1610 sieut
255 1564 273 1607 a
291 1546 432 1621 Phiiippo
455 1544 612 1605 Graeciam
633 1543 787 1616 liberavit,
810 1544 852 1604 ita
872 1551 904 1604 ct
922 1543 961 1603 ab
981 1542 1137 1604 Antiocho

156 1632 287 1692 Graecas
303 1629 397 1688 Asiae
410 1627 503 1688 urbes
518 1626 648 1688 liberare
662 1626 693 1686 in
706 1627 806 1688 animo
818 1626 919 1688 habet
943 1627 1138 1702 nequeenim

155 1715 185 1774 in
206 1712 366 1772 Aeolidem
390 1712 569 1787 Ioniamque
597 1711 737 1773 coloniae
761 1711 791 1770 in
818 1711 994 1772 servitutem
1018 1711 1135 1786 regiam

154 1797 267 1858 missae
288 1803 373 1870 aunt,
391 1796 446 1856 sed
463 1795 568 1870 stirpis
583 1795 743 1870 augendae
758 1809 853 1856 causa
872 1795 1037 1870 gentisque
1050 1801 1138 1855 vetu-

155 1880 309 1942 stissimae
323 1895 379 1954 per
394 1879 499 1941 orbam
519 1886 668 1940 terrarum
686 1879 935 1955 propagandaeu‘
969 1877 1044 1939 LIX.
1068 1894 1138 1938 cunr

157 1965 322 2028 haesitarat
340 1964 550 2038 Hegesianax,
576 1978 633 2024 neo
658 1963 780 2024 infitiari
800 1970 910 2040 posset
928 1962 1138 2024 honestiorem

156 2063 280 2110 oausam
299 2048 446 2110 libertatis
468 2063 559 2123 quam
581 2047 737 2108 servitutis
757 2046 895 2122 praetexi
916 2046 1019 2122 titulo,
1041 2046 1138 2122 „quin

155 2133 298 2192 mittimus
324 2131 509 2206 ambagasm
541 2131 640 2206 inquil
658 2130 690 2190 Ρ.
714 2129 884 2208 Sulpicius,
912 2130 964 2206 qui
985 2130 1138 2191 maximus

155 2222 229 2276 natu
244 2229 283 2276 ex
297 2215 403 2276 dacem
418 2215 526 2288 legatis
542 2221 616 2274 erat
636 2216 781 2289 „alteram
795 2230 836 2274 ex
847 2213 969 2275 duabus
981 2213 1138 2276 condicio-

155 2299 262 2373 nibus,
285 2313 364 2374 quae
384 2297 478 2359 modo
500 2299 613 2359 diserte
634 2297 805 2372 aouinotio
826 2300 906 2358 latae
925 2306 1010 2372 sunt,
1031 2297 1138 2373 legiter

157 2391 209 2445 aut
229 2382 432 2460 supersedete
453 2383 492 2442 de
513 2381 644 2443 amicitia
665 2387 788 2457 agere.“
822 2398 902 2457 „nos
922 2386 1018 2444 vero“
1040 2381 1140 2456 inquit

155 2469 319 2544 Menippus
334 2483 412 2543 „nec
424 2469 568 2528 velumus
583 2481 641 2526 nac
653 2481 822 2542 possumus
833 2463 951 2542 pacisci
964 2466 1139 2542 quicquum,

157 2571 218 2628 quo
233 2567 360 2628 regnum
375 2550 518 2614 Antiochi
531 2551 714 2612 minuatur.“

238 2637 366 2698 Postero
388 2637 439 2696 die
453 2635 609 2710 Quinctius
625 2635 795 2710 legationes
809 2633 974 2695 universas
990 2633 1139 2695 Graeciae

155 2722 312 2794 Asiaeque
334 2736 401 2780 cum
422 2721 453 2778 in
469 2726 609 2780 senatum
623 2717 858 2792 introduxisset,
879 2725 913 2779 ut
927 2719 1042 2780 scirem
1056 2715 1140 2792 quali

156 2803 256 2864 animo
277 2804 412 2877 populns
426 2803 599 2878 Romanus,
622 2803 703 2877 quali
716 2801 888 2864 Antiochus
910 2815 983 2877 erga
999 2801 1140 2862 civitates

157 2886 302 2946 Graeciae
323 2893 442 2960 essent,
464 2887 620 2960 postulata
638 2887 770 2962 stragis
791 2892 894 2958 elsua
907 2886 1063 2962 exposuit.
1091 2901 1141 2944 rc-

155 2969 327 3030 nuntiarent
338 2969 510 3030 civitatibus
521 2971 588 3031 suis
600 2971 749 3046 populum
760 2971 940 3045 Romanum,
954 2985 1017 3046 qua
1027 2970 1141 3029 virtute

147 3068 279 3130 ¹quaque
293 3053 355 3114 ilde
369 3052 537 3115 libertatem
552 3069 657 3116 eorum
673 3054 845 3131 aPhilippo
862 3053 1072 3128 vindicaverit,
1088 3069 1139 3113 ea·

155 3139 224 3199 dem
250 3139 288 3198 ab
309 3137 477 3213 Antiocho,
503 3139 561 3198 nisi
587 3139 717 3200 decedat
735 3138 876 3214 Europa,
902 3137 1139 3200 vindicaturum.

155 3228 217 3281 turn
228 3221 393 3298 Menippus
405 3223 565 3298 deprecari
580 3232 609 3285 et
620 3223 791 3298 Quinctium
807 3230 838 3283 et
851 3230 956 3298 patres
967 3220 1085 3297 institit,
1100 3235 1142 3280 nc

155 3303 335 3366 festinarent
354 3306 521 3367 decernere
542 3323 604 3382 quo
620 3308 743 3367 decreto
758 3306 906 3367 turbaturi
921 3305 1030 3367 orbem
1041 3312 1140 3365 tuna-

155 3400 222 3444 rum
242 3397 355 3450 essent.
389 3397 511 3466 tempus
531 3396 561 3450 et
581 3387 639 3450 sibi
654 3395 810 3450 sumerent
823 3395 853 3448 et
865 3389 931 3464 regi
946 3389 987 3448 ad
1002 3387 1140 3463 cogitan-

156 3464 229 3523 dum
249 3469 365 3534 darent.
399 3474 614 3547 cogitaturum,
637 3486 706 3536 etim
725 3472 916 3532 renuntiatae
936 3472 1141 3534 condiciones
