2506 3898
283 221 397 285 littura
411 221 573 286 XXXVIII.
596 224 678 286 CAP.
694 237 719 288 l.
742 233 821 302 [ao.
837 235 899 302 189]
1018 230 1080 297 317

331 460 335 467 ’
426 510 566 607 tint
607 513 746 608 nivi

377 661 432 725 AB
452 662 571 768 uultu
594 664 799 730 CONDITA

441 780 553 844 LIBIIII
572 781 733 846 XXXVIII.

513 909 667 925 ——n--n-oae-

29 977 43 1010 v
111 988 260 1070 EPITOME.
296 1015 330 1067 Μ.
343 1015 447 1068 Fulvius
464 1018 553 1068 consul
571 1021 598 1070 in
615 1019 693 1086 Epiro
707 1021 900 1071 Ambracienses
917 1023 1035 1073 obsessos
1053 1025 1080 1076 in

149 1087 305 1139 deditionem
319 1087 425 1152 accepit,
438 1085 627 1153 Cephalleniam
638 1089 749 1155 subegit,
764 1089 862 1140 Aetolls
874 1091 1023 1155 perdomitis
1032 1105 1079 1157 pa-

148 1171 205 1207 cem
223 1156 301 1210 dedit.
329 1154 373 1207 On.
389 1153 499 1206 Medius
516 1157 620 1223 comui,
640 1157 737 1228 collega
754 1158 818 1220 eius,
836 1157 1013 1226 Gallograecos
1030 1161 1080 1210 Το-

148 1225 298 1292 listobogios
316 1231 341 1276 et
351 1227 507 1292 Tectosages
523 1234 548 1277 et
556 1227 689 1288 Trocmos,
707 1227 751 1291 qui
760 1227 860 1280 Brenno
878 1228 942 1280 duce
956 1229 983 1278 in
991 1229 1080 1279 Asiam

146 1295 306 1356 translerant,
325 1309 382 1346 otim
400 1295 450 1346 soli
468 1297 530 1347 eitra
545 1295 656 1348 Taurum
672 1304 783 1348 montem
799 1311 851 1347 non
865 1304 989 1362 parerent,
1006 1299 1078 1350 vicit.

148 1379 238 1416 eorum
255 1364 336 1431 origo,
354 1369 380 1414 et
395 1379 446 1428 quo
464 1365 541 1416 modo
558 1379 589 1416 ea
607 1365 677 1432 loca,
696 1380 761 1430 quae
778 1372 873 1431 tenent,
893 1367 1079 1433 occupaverim,

146 1433 263 1485 refertur.
292 1433 438 1498 exemplum
455 1449 555 1499 quoque
572 1435 671 1486 rimatis
689 1443 715 1486 et
731 1435 870 1501 pudicitiae
882 1433 909 1484 iu
923 1435 1080 1486 seminatra-

148 1502 228 1554 dltur:
254 1517 320 1568 quae
337 1517 394 1554 eum
414 1503 569 1569 Ortiagontis
585 1505 654 1571 regis
673 1503 895 1572 Gallograecorum
912 1517 979 1555 uxor
996 1504 1081 1568 luerit,

147 1573 249 1639 captiva
265 1574 437 1624 centurionem
453 1573 595 1638 custodem,
614 1575 658 1638 qui
672 1576 697 1624 ei
711 1575 765 1623 vim
774 1573 902 1638 intulerat,
921 1573 1022 1626 occidit.
1040 1573 1080 1623 lu-

147 1649 228 1692 strum
241 1656 256 1692 a
269 1643 418 1692 censoribus
437 1641 568 1694 conditum
583 1650 634 1693 est:
655 1655 731 1694 oense
748 1650 807 1694 suut
822 1644 916 1694 civium
934 1643 1017 1709 ospittt
1033 1641 1080 1694 du·

146 1718 221 1762 centa
234 1711 419 1776 qulnquaginta
434 1719 491 1762 ooto
501 1711 571 1761 milia
579 1719 605 1762 et
617 1718 729 1762 trecenta
738 1713 830 1778 viginti
842 1719 907 1763 octo.
935 1726 993 1764 cnm
1004 1711 1080 1762 Aria-

147 1777 219 1830 rathe
236 1794 298 1844 rege
314 1777 492 1845 Cappadociae
515 1781 628 1831 amicitia
644 1780 730 1830 iuncta
748 1789 796 1832 est.
830 1779 876 1831 (ln.
894 1780 1004 1832 Manlius
1020 1795 1081 1832 con·

147 1847 331 1898 tradicentibus
355 1848 444 1898 decem
467 1848 573 1915 legatis,
598 1863 632 1898 ex
648 1863 756 1910 quorum
779 1849 884 1900 corallio
908 1849 1001 1901 foedus
1022 1865 1080 1900 cum

148 1914 275 1966 Antiocho
293 1917 492 1982 conscripserat,
512 1918 544 1966 de
564 1915 750 1983 Gallograecis,
773 1926 829 1968 acta
846 1932 893 1982 pro
912 1933 940 1969 se
959 1933 1038 1969 musa
1054 1920 1081 1969 in

148 1991 255 2050 senatu,
272 1984 447 2050 triumphavit.
476 1985 562 2051 Scipio
581 1985 717 2036 Africanus
737 1985 778 2036 die
796 1987 820 2036 ei
837 1987 914 2046 dIcta,
932 1994 960 2036 ut
978 1987 1081 2051 quidam

145 2054 257 2116 tradunt,
276 2069 292 2104 a
310 2053 447 2114 bretulio
464 2055 565 2106 tribuno
582 2055 677 2121 plebis,
694 2062 723 2104 ut
741 2055 852 2119 quidam,
868 2049 996 2120 aNaevio,
1013 2057 1082 2120 quod

144 2123 242 2191 praeda
259 2139 292 2174 ex
299 2123 424 2175 Antiocho
444 2131 518 2190 capta
534 2126 659 2175 aerarium
672 2123 825 2192 fraudasset,
844 2133 979 2191 postquam
991 2126 1014 2174 is
1026 2123 1081 2174 dies

146 2194 229 2258 venit,
247 2201 367 2244 evocatus
386 2193 413 2243 in
430 2191 523 2244 Rostra
541 2192 608 2256 „hac
627 2193 688 2245 die“
706 2195 789 2258 lnquit
805 2193 948 2257 „Quirites,
978 2192 1082 2246 Cartha-

147 2263 234 2330 ginem
249 2262 334 2322 vici,“
353 2271 378 2312 et
394 2271 565 2329 prosequente
580 2263 677 2330 populo
697 2262 851 2331 Capitolium
868 2263 993 2316 aseendit.
1019 2263 1081 2315 inde

147 2346 180 2382 ne
192 2329 302 2397 amplius
318 2331 459 2382 tribuniciis
467 2333 568 2383 iniuriis
583 2340 726 2394 vexaretur,
744 2334 951 2387 involuntarium
962 2332 1082 2386 exsilium

146 2400 279 2454 Liternum
297 2401 432 2454 concessit.
459 2401 583 2452 incertum
596 2403 633 2452 ibi
649 2402 787 2454 anRomae
803 2403 938 2456 dehtnetus
957 2404 1002 2454 sit:
1021 2418 1081 2454 nam

146 2471 203 2523 elus
221 2477 412 2522 mouumentum
436 2471 572 2534 utrobique
588 2469 646 2521 init.
681 2470 711 2520 L.
731 2470 818 2538 Seipio
833 2473 978 2536 Asiaticus,
1003 2470 1082 2522 irater

145 2539 275 2606 Africani,
291 2539 381 2590 eodem
398 2538 532 2605 peculatus
550 2538 656 2589 ommino
670 2549 803 2590 accusatus
821 2540 1006 2601 damnatusque
1023 2554 1082 2588 cum

143 2611 171 2661 in
187 2607 291 2660 macula
309 2616 334 2658 et
352 2622 477 2660 carcerem
495 2609 638 2668 duceretur,
655 2607 694 2658 Ti.
715 2608 881 2674 Sempronius
893 2605 1020 2658 Gracchus
1037 2609 1081 2657 tri·

146 2679 231 2730 hunus
247 2677 339 2744 plebis,
358 2679 402 2742 qui
420 2685 494 2728 antea
503 2676 667 2743 Scipionibus
684 2677 802 2728 inimIcus
820 2677 911 2736 fuerat,
928 2675 1080 2736 intercessit,

144 2756 171 2799 et
188 2748 221 2798 ob
238 2748 267 2798 id
288 2746 439 2798 benefloium
462 2744 577 2797 Africani
598 2745 675 2797 filiam
699 2746 780 2800 duxit.
809 2760 867 2796 oum
890 2752 1039 2810 quaestores
1054 2746 1080 2794 in

144 2819 213 2868 bona
231 2817 286 2866 eiua
304 2815 407 2882 publice
422 2815 580 2882 possidenda
594 2816 668 2866 missi
684 2823 778 2876 essent,
795 2829 847 2867 uon
863 2815 940 2867 modo
958 2815 985 2865 in
1001 2813 1080 2864 iisul-

146 2885 200 2936 lum
213 2885 351 2952 vestigium
367 2885 491 2952 pecuniae
508 2886 596 2952 regiae
613 2885 739 2951 apparuit,
754 2885 969 2950 sednequaquam
983 2891 1079 2934 tantum

145 2955 276 3006 redactum
292 2963 403 3019 quantae
421 2967 537 3006 summae
558 2961 611 3005 erat
629 2954 769 3004 damnatus.
801 2955 919 3006 collatam
936 2969 952 3004 a
971 2953 1079 3020 cognitis

146 3031 171 3078 et
188 3024 277 3076 amicis
294 3023 657 3094 innumerabilempeeuniam
675 3025 791 3088 accipere
803 3023 897 3074 noluitt
916 3035 1079 3092 quaeneccs7

144 3095 214 3144 saria
232 3093 256 3143 ei
271 3101 343 3146 eram
360 3093 514 3160 adsultant,
532 3093 672 3156 redempta.

179 3227 204 3286 1.
223 3227 303 3288 Dum
317 3227 349 3287 in
362 3226 440 3288 Asia
453 3226 567 3288 bellum
581 3223 704 3300 geritur,
721 3238 762 3284 ne
774 3223 805 3282 in
818 3219 940 3283 Aetolia
956 3221 1079 3296 quidem

94 3311 218 3388 quietae
237 3327 289 3374 res
310 3312 446 3388 lucrant,
468 3307 620 3386 principio
640 3309 764 3384 agente
776 3305 980 3369 Athamanum
1000 3311 1077 3366 orto.

92 3394 279 3457 Athamania
299 3410 338 3457 ea
358 3401 542 3472 tempestate
562 3395 654 3470 pulso
668 3390 869 3470 Amynandro
885 3388 942 3450 sub
957 3388 1078 3464 praeie-

93 3477 153 3542 ctis
165 3479 297 3558 Philippi
310 3481 397 3557 regio
412 3479 572 3542 tenebatur
586 3475 752 3555 praesidio,
769 3473 821 3551 qui
836 3473 970 3551 superbo
986 3479 1079 3548 utque
