2480 3904
180 173 242 238 218
328 175 443 236 LIBER
454 175 574 234 XXXV.
594 173 676 234 CAP.
689 182 732 236 49.
745 185 788 234 50.
809 181 845 248 [a.
859 180 892 230 U.
906 198 930 238 c.
943 179 1003 256 too]
1106 239 1110 246 ,

179 333 295 400 rasset,
318 341 398 401 quac
418 341 468 384 res
481 323 666 384 Antiochum
683 331 713 382 et
728 324 858 384 Aetolos
873 324 1098 397 coniunxisset,
1118 338 1153 384 ex

179 415 348 486 legatorum
356 423 499 469 sermone
509 408 649 483 potuisse
659 423 824 491 apparere:
837 408 1010 468 mentiendo
1019 407 1052 466 in
1061 405 1153 467 vicem

180 494 384 568 iactandoque
404 492 502 564 vires,
527 507 605 566 quas
624 507 686 552 nou
706 489 833 562 habent,
856 491 984 552 inflasse
1003 506 1085 550 vana
1102 505 1155 566 spe

179 585 273 653 atque
287 575 411 638 inllotos
426 591 512 648 esse,
527 575 620 648 „dum
634 573 665 634 hi
680 574 719 634 ah
735 589 770 634 se
781 575 894 634 victum
904 573 1088 649 Philippum,
1103 591 1155 635 sua

179 663 290 721 virtute
315 665 472 736 protectos
496 659 668 731 Romanos,
702 665 733 717 et
757 673 837 731 quae
860 658 954 718 modo
979 659 1155 730 audiebatis,

64 801 80 808 -
180 752 319 813 narrant;
343 759 400 804 vos
416 749 597 817 ceterosque
612 742 749 802 civitates
765 749 796 802 et
815 748 922 818 gentes
941 757 1029 802 suam
1044 750 1155 802 sectam

179 845 251 889 esse
274 835 451 888 secuturos=
472 841 529 886 rex
547 832 654 887 contra
674 823 811 900 peditum
836 825 1036 900 equitumque
1062 827 1155 886 nubes

180 913 285 984 iactat,
306 920 336 972 ct
357 911 524 972 consternit
540 910 635 969 maria
656 909 809 970 classibus
824 911 899 970 suis.
932 917 979 968 est
992 915 1098 970 autem
1111 925 1156 968 ros

181 994 333 1056 simillima
346 1011 441 1056 cenae
451 993 661 1055 Chalcidensis
674 992 806 1069 hospitis
818 994 887 1066 mei,
902 993 1033 1054 hominis
1046 1000 1079 1054 et
1089 994 1157 1054 boni

179 1087 211 1141 et
225 1081 293 1140 sciti
309 1078 530 1151 convivatoris,
546 1079 629 1153 apud
644 1093 735 1152 quem
749 1076 901 1138 solstitiali
912 1085 1054 1152 tempore
1069 1078 1157 1136 comi-

180 1175 226 1225 ter
240 1165 359 1239 accepti
374 1179 443 1223 carn
458 1163 650 1234 miraremur,
664 1163 747 1222 unde
757 1161 801 1222 illi
812 1175 850 1222 eo
861 1168 1000 1236 ternpore
1011 1161 1089 1222 anni
1102 1168 1157 1220 tam

180 1249 266 1308 varia
280 1255 310 1308 et
324 1247 417 1308 multa
430 1246 567 1318 venatio,
592 1245 684 1304 homo
706 1260 773 1306 non·
790 1261 882 1320 quam
897 1245 946 1306 isti
960 1251 1036 1309 sunt
1048 1243 1157 1320 glorio·

180 1347 253 1405 sus,
265 1331 412 1391 renidens
428 1329 628 1390 condimentis
643 1328 685 1388 ait
691 1328 869 1390 varietatem
882 1327 964 1388 illam
980 1336 1010 1388 et
1024 1327 1158 1404 speciem

181 1415 297 1475 l'erinac
312 1416 412 1476 carnis
427 1429 467 1472 ex
481 1419 640 1472 mansueto
654 1428 712 1474 sue
726 1413 867 1473 iactam.“
888 1412 949 1472 hoc
969 1411 1033 1472 dici
1047 1421 1119 1488 apte
1131 1413 1156 1470 in

182 1498 290 1574 copias
304 1498 396 1572 regis,
413 1511 493 1572 quae
506 1497 599 1571 paulo
614 1502 685 1556 ante
697 1495 828 1556 iactatae
843 1503 928 1567 sunt,
947 1511 1055 1570 posse.
1079 1496 1158 1556 varia

179 1583 262 1641 enim
275 1596 389 1655 genera
403 1595 557 1640 armorum
571 1585 601 1638 et
613 1581 708 1640 multa
721 1580 846 1641 nonuna
861 1580 996 1654 gentium
1010 1580 1157 1640 inaudita·

180 1681 263 1737 rum,
285 1663 388 1726 Dahas
409 1671 439 1724 et
458 1663 567 1722 Medos
589 1670 620 1724 et
634 1662 785 1724 Cadusios
806 1670 837 1724 et
854 1663 1038 1742 Elymaeos,
1063 1663 1157 1740 Syros

180 1749 280 1808 omnis
295 1763 376 1818 esse,
392 1747 475 1808 haud
490 1747 582 1820 paulo
597 1747 820 1822 mancipiorum
832 1749 942 1808 melius
957 1753 1088 1824 propter
1100 1763 1157 1807 ser·

180 1831 254 1892 vilia
272 1832 395 1906 ingenia
415 1846 506 1906 quam
531 1830 657 1892 utilitum
677 1846 784 1906 genus.
818 1839 869 1903 „et
888 1832 1004 1892 utinam
1020 1830 1158 1891 subicere

182 1916 293 1978 restris
302 1917 408 1991 oetdis,
420 1913 541 1988 Achaei,
550 1930 676 1990 possem
688 1915 954 1976 concursationem
963 1915 1049 1990 regis
1062 1914 1157 1988 magni

183 2001 220 2060 ab
244 1999 438 2060 Demetriade
463 2013 544 2058 nunc
567 1997 700 2059 Lamiam
729 2000 759 2058 in
784 1998 945 2086 concilium
970 1999 1157 2068 Aetolorum,

181 2100 263 2143 nunc
288 2083 476 2144 Chalcidem=
514 2082 658 2142 videretis
679 2082 731 2142 vix
753 2082 881 2142 duarum
901 2084 980 2144 male
1000 2085 1158 2157 plenarum

181 2167 421 2240 legiuncularum
446 2165 542 2226 instar
565 2165 595 2224 in
622 2166 731 2226 castris
755 2166 855 2241 regis,
889 2165 1035 2228 videretis
1056 2181 1158 2240 regem

181 2264 264 2310 nunc
283 2249 506 2308 mendicantem
528 2263 627 2324 propc
652 2251 834 2310 frumentum
854 2250 893 2310 ab
912 2250 1047 2323 Aetolis,
1079 2247 1158 2326 quod

181 2332 266 2392 militi
281 2331 476 2404 admetiatur,
492 2347 573 2392 nunc
585 2340 706 2392 mutuas
719 2333 866 2408 pecunias
879 2335 985 2394 lenone
999 2333 1030 2392 in
1046 2334 1158 2409 stipen-

179 2417 264 2478 dium
280 2423 491 2492 quaerentem,
512 2431 594 2476 nunc
614 2417 655 2476 ad
676 2425 780 2491 portas
796 2416 947 2476 Chalcidis
963 2422 1112 2488 stantem,
1133 2422 1160 2474 et

181 2516 254 2562 mox
268 2501 340 2561 inde
361 2501 537 2573 exclusum,
557 2499 630 2560 nihil
651 2500 734 2560 aliud
753 2516 846 2574 quarn
860 2499 972 2560 Aulide
993 2507 1088 2576 atque
1101 2501 1157 2559 Eu·

181 2585 250 2660 ripo
265 2584 411 2661 spectatis
432 2585 461 2644 in
477 2584 628 2644 Aetoliam
648 2585 836 2644 redeuntem.
865 2585 944 2643 male
964 2584 1158 2644 crediderunt

180 2677 212 2729 et
225 2668 395 2730 Antiochus
413 2668 529 2728 Aetolis
543 2675 574 2727 et
586 2666 688 2729 Aetoli
701 2667 804 2742 regiae
819 2666 959 2728 vanitatis
981 2683 1044 2742 quo
1060 2669 1157 2728 minus

182 2767 239 2812 vos
254 2751 354 2825 decipi
370 2749 504 2823 debetis,
520 2752 577 2810 sed
592 2758 737 2825 expertae
751 2750 855 2825 potius
867 2757 1090 2826 spectataeque
1100 2752 1156 2812 Ro·

181 2848 340 2893 manorum
355 2833 427 2892 hdei
442 2832 578 2892 credere.
611 2849 682 2894 nam
703 2834 787 2909 qnod
801 2833 949 2910 optimum
963 2849 1036 2894 esse
1049 2835 1157 2904 dicant,

182 2933 243 2976 non
265 2915 416 2991 interponi
437 2931 495 2976 vos
514 2915 611 2988 bello,
633 2916 706 2978 nihil
728 2919 819 2980 immo
840 2925 901 2978 tarn
919 2919 1050 2980 alienum
1066 2920 1156 2980 rebus

181 2999 293 3060 vestris
308 3007 370 3060 cst=
393 2999 510 3076 quippe
530 3001 597 3061 sine
611 3001 722 3076 gratia,
744 3003 811 3062 sine
825 3002 970 3077 dignitate
991 3003 1157 3078 praemium

180 3084 306 3146 victoris
327 3083 441 3144 eritis.“
475 3085 508 3144 L.
537 3101 595 3146 nec
616 3084 750 3146 absurde
770 3084 922 3147 adversus
942 3093 1093 3160 utrosque
1111 3099 1154 3145 re-

181 3167 349 3244 spondisse
362 3168 447 3228 visus
459 3175 516 3237 est,
535 3176 565 3229 ct
576 3169 665 3230 laoile
676 3177 742 3230 erat
753 3170 921 3231 orationem
932 3170 1017 3244 apud
1028 3168 1155 3229 lavenhs

181 3253 290 3328 aequis
305 3251 431 3314 auribus
445 3251 554 3327 accipi.
576 3254 660 3314 nulla
672 3253 753 3314 enim
766 3268 824 3314 nec
839 3253 1020 3328 disceptatio
1036 3268 1094 3314 nec
1104 3252 1155 3312 du-

181 3334 287 3400 bitatio
302 3337 372 3409 luit,
394 3336 467 3410 quin
482 3351 589 3396 omnes
605 3337 734 3398 eosdem
748 3336 830 3412 genti
842 3336 1040 3398 Achaeorum
1054 3336 1155 3396 hostes

179 3423 212 3475 et
223 3419 355 3491 amicos,
372 3435 452 3491 quos
465 3420 598 3494 populus
609 3419 767 3480 Romanus
780 3420 966 3492 censuisset,
982 3419 1155 3492 iudicarent,
