2480 3904
268 195 384 257 creua
398 197 547 258 xxxvu.
571 200 653 260 cnr.
669 209 735 284 na
757 203 794 279 p.
807 209 838 262 c.
852 207 914 284 ιιι]
1020 207 1082 272 aar

101 367 141 412 ea
157 351 228 426 ipsa
247 347 390 411 remissio
406 351 498 411 animi
513 353 720 428 suspicionem
738 353 871 430 dempsit
884 373 999 418 novare
1014 374 1083 420 eum

101 434 270 512 quicquam
283 434 372 493 uelle.
399 442 429 495 et
441 441 505 495 tum
520 435 642 510 quidem
657 437 783 498 comiter
796 447 942 514 acceptus
956 441 1083 518 hospes,

99 525 230 593 postero
245 517 296 576 die
310 525 498 580 commeatus
513 519 661 579 exercitui
675 530 800 594 paratos
815 522 956 599 benigne,
971 534 1083 600 pontes

99 603 132 661 iu
153 600 332 661 fluminibus
354 603 469 676 laetos,
489 601 572 676 vias,
593 601 645 662 ubi
665 604 811 666 transitus
831 606 972 668 difficiles
987 619 1082 683 erant,

98 685 234 746 munitas
253 683 339 744 vidit.
372 684 450 746 haec
468 687 607 748 reterens
629 687 737 748 eadem
759 707 820 764 qua
839 690 917 750 ierat
931 692 1083 752 celeritate

96 768 282 828 Thaumacis
303 769 436 829 occurrit
456 769 585 830 consuli.
617 770 690 832 inde
707 773 836 834 certiore
850 780 882 834 et
894 775 1010 836 maiore
1025 791 1083 850 spe

97 855 200 914 laetus
214 853 369 912 exercitus
385 854 425 912 ad
438 860 623 928 praeparata
634 855 734 932 omnia
748 856 778 916 in
788 855 1001 918 Macedoniam
1013 875 1080 934 per-

97 936 193 996 veuit.
224 935 375 996 venientis
395 936 480 1010 ragio
501 945 653 1012 apparatu
672 946 703 998 et
716 939 835 1015 accepit
854 949 885 1000 et
898 950 1082 1015 prosecutus

96 1028 149 1080 est
162 1034 228 1078 rex.
250 1021 344 1079 multa
358 1018 389 1078 ln
404 1035 441 1081 eo
457 1027 489 1080 et
502 1021 669 1082 dexteritas
684 1029 715 1082 et
728 1022 899 1085 humanitas
910 1025 986 1099 visa,
1002 1042 1083 1102 quae

98 1102 355 1162 commendabilia
369 1103 453 1178 apud
465 1103 645 1166 Africanum
658 1111 758 1178 erant,
772 1106 871 1167 virum
885 1108 965 1168 sicut
978 1109 1019 1168 ad
1032 1124 1082 1168 ce-

97 1195 166 1247 tcra
179 1187 345 1260 egregium,
360 1185 402 1246 ita
413 1203 432 1246 a
443 1187 592 1260 comitate,
609 1204 690 1261 quae
701 1188 768 1248 sine
778 1189 900 1250 luxuria
910 1199 1003 1264 esset,
1019 1207 1082 1252 non

96 1285 253 1330 aversum.
273 1269 344 1330 inde
356 1286 418 1330 noa
429 1269 705 1345 perMueedoniam
716 1272 808 1334 modo
820 1273 877 1333 sed
889 1275 978 1336 etlam
989 1275 1083 1334 Thra·

98 1355 178 1414 ciam
199 1361 409 1428 prosequente
423 1361 453 1414 et
466 1362 671 1430 praeparante
686 1355 788 1416 omnia
801 1355 942 1432 Philippo
957 1359 997 1418 ad
1010 1358 1076 1418 Hel·
1105 1416 1107 1420 ,

97 1438 275 1511 lespontum
292 1443 470 1512 perventum
487 1443 543 1498 est.

183 1521 263 1580 VIII.
285 1521 457 1582 Antiochus
477 1531 550 1596 post
569 1524 709 1582 navalem
724 1523 764 1583 ad
780 1524 933 1600 corycum
947 1540 1080 1600 pugnam

98 1617 169 1664 eum
183 1611 277 1665 totam
292 1603 422 1664 hlemem
437 1603 562 1665 liberam
577 1605 608 1666 in
622 1614 788 1681 apparatus
803 1609 956 1668 terrestris
971 1607 1081 1669 mariti·

98 1703 230 1763 mosque
254 1686 427 1761 habuisset,
453 1689 546 1748 classi
571 1690 702 1750 maxime
726 1691 934 1766 reparandae,
958 1709 998 1752 ne
1018 1699 1081 1754 tota

98 1771 191 1830 maris
204 1769 410 1846 possessione
423 1772 594 1846 pelleretur,
608 1773 739 1833 intentus
755 1777 862 1834 luerat
883 1776 1083 1836 succurrebat

98 1862 276 1930 superatum
291 1870 335 1928 se,
347 1871 416 1916 cum
428 1854 538 1914 class1s
553 1857 682 1916 aluisset
691 1855 895 1918 Rhodiorum:
918 1859 1030 1932 quodsi
1044 1875 1083 1920 ea
1130 1907 1132 1910 .

99 1953 348 2014 quoque—nec
374 1937 595 1999 commissuros
615 1937 770 2010 Rhodios,
795 1939 959 2000 utiterum
979 1957 1067 2002 mora

97 2021 424 2082 rantur—certamini
446 2022 587 2094 adesset,
608 2035 719 2096 magno
741 2023 800 2084 sibi
815 2023 937 2084 nauum
952 2041 1080 2086 numero

99 2122 180 2182 opus
195 2121 276 2178 esse,
291 2112 325 2165 ut
338 2105 454 2165 viribus
469 2113 500 2165 et
512 2105 721 2180 magnitudine
735 2109 867 2167 classem
881 2106 1014 2168 hostimn
1029 2123 1080 2168 ae-

99 2196 218 2265 quaret.
239 2190 344 2264 itaque
357 2196 389 2249 et
402 2189 601 2250 Hannibalem
615 2189 646 2249 in
658 2189 779 2268 Syriam
794 2191 919 2250 miserat
932 2191 972 2252 ad
982 2191 1080 2252 Phoe·

98 2275 202 2334 nicum
223 2273 427 2333 arcessendas
448 2287 557 2347 naves,
583 2280 613 2332 et
632 2272 869 2350 Polyxenidam,
896 2290 957 2348 quo
979 2276 1080 2336 minus

100 2371 252 2432 prospere
267 2362 419 2430 gestares
434 2363 513 2430 erat,
535 2372 572 2416 eo
589 2356 709 2418 enixius
724 2366 755 2418 et
768 2374 823 2419 eas
840 2372 920 2431 quae
934 2367 1019 2419 erant
1031 2375 1079 2419 re·

97 2441 193 2502 ficere
208 2447 240 2500 et
253 2439 329 2500 alias
344 2454 454 2515 parare
468 2454 564 2500 naves
579 2439 678 2500 iussit.
705 2441 774 2514 ipse
787 2441 819 2499 in
831 2439 966 2517 Phrygia
978 2441 1079 2500 hiber-

98 2523 192 2596 navit,
207 2522 345 2598 undique
358 2522 470 2582 auxilia
485 2537 657 2583 arcessens.
690 2524 778 2583 etiam
794 2522 824 2580 in
841 2523 1080 2595 Gallograeciam

97 2606 238 2668 mIserat=
258 2606 470 2667 belitoosiores
491 2621 530 2666 aa
548 2611 729 2682 tempestate
748 2613 849 2678 erant,
871 2605 1003 2666 Gallicos
1025 2605 1079 2666 ad·

96 2691 174 2764 huc,
200 2690 337 2750 niondum
361 2691 482 2751 exoleta
508 2689 604 2764 stirpe
627 2691 743 2766 gentis,
769 2696 928 2749 servantes
950 2687 1078 2748 animos.

96 2775 195 2836 lilium
216 2773 380 2834 Seleucum
399 2773 430 2832 in
449 2771 580 2834 Aeolide
599 2772 767 2848 reliquerat
793 2789 862 2833 cum
882 2773 1020 2834 exercitu
1040 2773 1079 2832 ad

96 2859 265 2920 ,rtamtimas
285 2857 486 2917 contiuendas
501 2857 610 2930 urbes,
633 2873 712 2932 quas
726 2856 810 2917 illine
824 2874 843 2918 a
856 2856 1004 2931 Pergamo
1018 2856 1078 2917 Eu-

96 2957 216 3013 menes,
232 2941 304 3001 hinc
318 2957 337 3000 a
350 2939 490 3000 Phocaea
506 2939 710 3018 Erythrisque
721 2941 851 3002 Romani
866 2941 1078 3002 sollicitabant.

95 3025 210 3094 classis
224 3025 378 3097 Romana,
394 3023 473 3084 sicut
487 3031 557 3085 ante
571 3025 684 3084 dictum
699 3030 756 3099 est,
771 3025 810 3085 ad
826 3025 923 3084 Canas
938 3023 1078 3085 hiberna-

95 3109 159 3170 bat
181 3107 335 3168 comedia
348 3109 443 3168 forme
456 3107 555 3169 hieme
568 3123 624 3167 rex
637 3107 790 3168 Eumenes
804 3123 873 3168 cum
887 3107 1009 3168 duobus
1023 3107 1078 3166 mi-

96 3189 180 3252 libus
197 3191 342 3267 peditum,
357 3190 510 3266 equitibus
525 3191 698 3266 quingentis
708 3192 799 3251 venit.
821 3193 848 3250 is
858 3206 927 3251 cum
937 3205 1076 3265 magnam

96 3276 246 3350 praedam
272 3275 322 3350 agi
346 3290 444 3350 posse
468 3275 598 3336 dixIsset
617 3291 657 3334 ex
678 3291 752 3349 agro
774 3273 907 3334 hostium
927 3272 978 3347 qui
998 3273 1078 3334 circa

96 3358 275 3437 Thyatiram
294 3364 393 3431 esset,
415 3357 565 3420 hortando
587 3359 720 3434 perpulit
732 3357 864 3430 Livium,
889 3364 922 3417 ut
943 3357 1079 3431 quinque

97 3443 181 3502 milia
206 3441 330 3502 militum
352 3454 463 3502 secum*
481 3442 618 3502 mitteret.
654 3441 739 3501 mIssi
760 3441 911 3514 ingentem
934 3439 1079 3514 praedam
