2482 3902
244 194 361 256 LIBER
374 195 510 256 XXXIV.
530 196 615 258 CAP.
629 205 673 261 3².
684 205 728 262 ab.
752 203 789 273 [a.
801 207 835 266 C.
847 208 910 276 195]
1003 203 1065 269 15³

79 355 109 410 tc
124 347 298 408 habiturum
318 361 391 407 esec
407 347 626 424 pronuntiasti,
644 348 717 410 iube
729 351 850 412 vinctos
866 351 1011 431 produci,
1033 366 1067 419 ut

76 432 183 493 miseri
197 437 351 506 parentes,
368 431 540 508 qaoetatso
552 433 669 510 lugent,
683 433 788 496 vivere
800 437 908 499 sciant.
931 441 1066 517 atenim,

76 524 114 580 ut
125 517 189 576 Iam
201 515 245 576 ita
263 515 326 576 siut
345 514 437 590 haec,
460 515 535 594 quid
549 517 838 590 advocamento
856 521 917 583 hoo
930 528 963 583 tu
977 523 1067 586 dIcas

75 599 280 662 liberantibus
300 599 481 661 Graeciam?
501 599 562 662 hoe
581 601 619 662 iis
634 603 702 678 eui,
725 611 756 664 ut
772 603 904 667 liberare
924 617 1065 684 poscam,

75 696 164 746 mara
182 683 383 758 traiecerunt,
403 690 486 744 terra
503 685 643 762 marique
663 695 827 762 gesnerum
844 689 979 751 bellmnt
1006 708 1068 753 vos

74 777 200 844 mmor,
217 767 338 844 imans,
359 773 557 845 vestramque
571 771 735 832 amicitiam
747 787 785 834 aa
799 772 977 835 socletatem
992 791 1063 852 pro-

74 855 145 932 prie
165 869 228 916 nou
248 853 372 914 violavi.
401 853 545 930 quotiens
557 853 606 914 vis
619 862 649 916 te
663 855 695 916 id
710 872 838 932 arguam
851 858 987 920 lecisset
1006 860 1066 921 sed

74 941 154 1000 nolo
172 936 329 1014 pluribus=
357 949 507 1008 summam
526 954 591 998 rem
612 942 807 1016 complectar.
839 941 955 1018 quibus
973 943 1066 1019 igitur

74 1023 171 1085 rebus
193 1021 327 1082 amicitia
347 1021 499 1083 violaturi
520 1037 633 1098 nempe
652 1023 701 1084 his
723 1025 855 1085 maximo
877 1026 1013 1102 duabuS,
1036 1028 1066 1089 si

75 1108 187 1170 sucina
198 1121 285 1168 meos
301 1121 358 1182 pro
373 1105 515 1168 hostibus
530 1106 660 1182 babeas,
672 1107 701 1168 si
714 1123 783 1169 cum
794 1108 936 1171 hostibus
948 1118 978 1170 tc
991 1127 1063 1172 com

74 1193 199 1268 iungas.
219 1197 383 1266 umumque
398 1207 418 1251 a
431 1198 464 1252 ta
477 1192 590 1252 lactum
601 1199 665 1253 cst=
687 1208 758 1252 uam
769 1199 799 1253 et
810 1191 984 1268 hlaaeermn,
1000 1211 1065 1256 uno

75 1285 173 1354 atque
186 1275 297 1336 eodem
311 1275 377 1336 Iure
390 1275 527 1337 foederis
543 1293 606 1352 quo
621 1283 651 1336 et
663 1276 930 1338 lacedaemonem
943 1279 974 1338 ia
990 1280 1064 1338 ami-

77 1362 180 1422 citiem
192 1363 329 1421 maumam
344 1367 512 1436 acceptum,
528 1361 633 1422 soclus
645 1361 713 1436 ipse
725 1362 841 1438 sociam
853 1361 945 1422 nobis
955 1363 1067 1423 urbem

75 1446 106 1506 ri
120 1453 216 1522 atque
231 1444 323 1505 admis
339 1443 464 1520 cepisti;
489 1451 520 1506 ct
533 1461 603 1506 cum
616 1443 759 1522 Philippo
773 1445 864 1508 hoste
879 1454 985 1509 nosbo
1001 1461 1065 1509 raon

74 1530 257 1592 sociotatem
270 1530 371 1590 colum
385 1529 453 1603 aed,
466 1529 495 1590 si
508 1529 567 1590 diis
582 1530 691 1606 placet,
707 1529 894 1592 adfinitatem
906 1533 996 1592 etiam
1007 1545 1066 1608 per

72 1613 243 1676 Philoclem
264 1613 454 1690 praefectum
474 1613 541 1674 eius
556 1613 719 1690 pcpIgisth
738 1621 768 1676 ct
781 1615 896 1676 bellum
911 1617 1067 1678 adversus

73 1714 135 1760 uos
150 1713 262 1774 muers
283 1711 368 1759 mara
383 1697 466 1758 circa
478 1697 609 1776 Maleam
622 1697 767 1761 inlesum
780 1699 911 1761 uatibus
927 1700 1067 1776 piraticis

75 1783 192 1854 lecisti3
214 1789 245 1844 et
265 1783 370 1859 pluras
391 1797 491 1858 propo
512 1783 597 1842 cives
610 1783 767 1846 Romanas
789 1797 882 1860 quam
902 1783 1065 1860 Philippus

75 1867 188 1945 cepisti
208 1873 301 1944 atque
322 1865 481 1937 accidiam
501 1866 657 1943 tutiorque
671 1867 873 1929 Macedomae
894 1883 950 1930 ora
970 1883 1064 1950 quem

74 1951 318 2029 promunturium
339 1950 458 2012 Maleae
483 1957 672 2012 commeatus
699 1951 739 2012 ad
759 1953 913 2013 exercitus
938 1961 1067 2014 mosmos

74 2035 273 2113 portantibus
282 2035 415 2098 navibus
427 2035 490 2096 luit.
514 2034 645 2111 prolude
657 2051 760 2112 parce,
776 2034 830 2111 sis,
843 2033 936 2097 ddum
948 2051 986 2098 ac
997 2039 1067 2097 iura

75 2121 236 2183 societatis
254 2123 385 2191 iactarea
414 2125 446 2179 et
458 2120 575 2181 mnissa
594 2121 738 2196 populari
752 2119 894 2182 oratioue
907 2127 1064 2196 umquam

74 2203 388 2286 tyrannmathostie
405 2204 564 2280 quuarc.“
781 2207 783 2210 ’

159 2289 293 2352 XXXIII.
325 2289 391 2351 Sub
411 2287 489 2350 haec
509 2289 692 2351 Aristaeum
712 2302 794 2349 nunc
816 2303 942 2351 monere
955 2289 1066 2351 Nabim

75 2389 159 2438 nunc
173 2375 265 2435 etiam
281 2387 380 2447 orare,
395 2378 437 2446 ut,
453 2371 527 2434 dum
540 2373 655 2446 liceret,
671 2373 742 2433 dum
759 2373 884 2435 occasio
895 2379 989 2447 esset,
1005 2373 1065 2434 sibl

77 2473 115 2521 ac
130 2459 262 2520 lortunls
275 2460 342 2520 auio
357 2457 541 2520 consuleret.
567 2458 682 2517 reterre
696 2456 812 2516 deindo
824 2457 1000 2518 nominatim
1015 2464 1066 2534 tp

75 2555 194 2606 manos
206 2541 372 2606 cluttatium
383 2541 577 2604 flnldmamm
589 2539 702 2620 coepit,
717 2541 769 2616 qui
781 2539 925 2624 deposito
935 2540 1067 2615 imperio

75 2629 281 2704 restitutaque
300 2627 439 2690 libertate
457 2627 523 2687 suia
538 2641 600 2686 non
615 2631 710 2686 tutam
723 2623 820 2685 modo
832 2624 890 2686 sed
904 2623 994 2686 ettam
1008 2623 1064 2684 ho·

75 2720 216 2775 noratam
240 2711 321 2774 inter
346 2711 422 2774 ciuis
448 2716 638 2772 senectutem
662 2709 811 2784 egisserrt.
845 2707 895 2768 hia
919 2707 1009 2768 dictis
1033 2708 1065 2767 iu

75 2798 177 2858 vicem
191 2795 371 2873 auditisque
383 2809 447 2857 nox
462 2811 560 2872 prope
576 2793 696 2855 diremit
710 2791 908 2868 colloquium.
936 2798 1066 2868 postero

76 2883 132 2942 dle
139 2881 233 2942 Nabis
245 2881 338 2956 Argis
351 2895 388 2942 se
399 2879 514 2941 cedere
522 2895 559 2941 aa
569 2880 724 2940 deducere
733 2877 931 2955 praesidium,
940 2877 1068 2953 quando

75 2966 123 3026 ita
133 2965 283 3028 Romanis
299 2967 450 3041 placeret,
470 2971 501 3026 et
514 2963 655 3040 captivos
669 2970 699 3024 et
714 2963 860 3040 perurges
874 2963 1066 3023 redditurum

76 3050 164 3112 mult
191 3050 276 3112 aliud
289 3051 316 3113 si
339 3047 414 3128 quid
435 3049 639 3126 postularent,
661 3047 810 3124 seriptum
823 3053 857 3108 ut
870 3047 997 3108 ederent
1011 3061 1066 3121 pe·

76 3125 137 3210 bit,
154 3141 189 3197 ut
203 3133 376 3196 deliberare
390 3149 460 3196 cum
470 3126 581 3194 'amiota
597 3139 715 3209 posset.
744 3132 786 3194 ita
800 3137 831 3192 et
843 3138 977 3210 tyranno
990 3136 1065 3188 tem-

76 3228 139 3294 pus
159 3220 265 3281 datum
284 3221 324 3280 ad
345 3219 584 3281 consultandum
602 3224 664 3292 eet,
685 3223 716 3278 ot
730 3215 890 3292 Quinctius
909 3213 1067 3275 sociorum

76 3304 170 3366 etiam
194 3297 385 3380 pmhctplbus
412 3300 556 3364 adhibitis
576 3301 683 3362 habult
707 3300 878 3362 concilium.
914 3295 1067 3357 maximae

77 3388 176 3465 partie
196 3389 351 3451 sententia
370 3393 437 3450 crat
459 3385 720 3462 perseverandum
734 3385 765 3446 iu
780 3384 864 3444 bella
878 3393 951 3442 ease
964 3385 994 3440 at
1007 3378 1066 3440 tal·

77 3473 205 3533 lchdum
218 3467 398 3553 tyrmnumz
412 3485 580 3550 numquam
591 3469 677 3531 aliter
687 3475 783 3530 tutam
794 3467 962 3528 libertatem
972 3462 1067 3524 Grae·
