2506 3898
110 195 114 200 ¹
227 227 503 288 elsuaxxxvii.
527 227 900 304 cAP.se.su.[a.c.1ee]
996 231 1062 294 313

80 386 118 446 ad
131 381 293 461 Phrygiam
307 386 500 456 vergentem,
525 387 555 438 et
569 380 696 440 castella
709 378 861 456 vicosque
874 386 959 442 bans
974 381 1058 444 Mac-

79 467 204 528 andrum
218 479 353 538 amocm,
374 471 405 524 ct
420 461 551 539 oppida,
572 461 633 522 nisi
650 479 736 538 quac
749 463 846 524 libera
861 469 933 526 ante
945 465 1058 528 bellmn

79 549 410 624 fuissent,Telmcsson
421 547 493 608 item
504 545 682 608 nominatim
693 553 724 608 ct
735 552 838 608 casua
846 549 1059 624 Telmessium,
1133 589 1137 596 -
1238 565 1239 572 ¹

79 639 197 710 preater
217 647 324 708 agrum
346 631 398 708 qui
417 627 582 692 Ptolemaei
595 629 756 692 Telmessii
776 631 889 694 luisset
904 655 959 690 -ε
981 633 1061 695 haec

80 717 193 792 omnia,
213 731 294 792 quae
308 731 403 792 supra
417 717 633 790 stupescunt,
653 713 720 790 regi
733 715 862 778 Eumeni
878 715 966 778 iussa
981 717 1054 781 dari

77 798 203 862 Rhodiis
222 801 320 880 Lycia
340 801 411 861 data
435 807 522 861 extra
542 799 675 862 eundem
694 799 886 862 Telmessum
907 808 937 862 et
957 807 1060 862 castra

24 905 37 956 ¹,
77 883 274 947 Telmessium
298 891 328 945 et
351 899 458 958 agrum
486 884 539 960 qui
562 882 728 963 Ptolemaei
751 882 913 946 Telmessii
937 883 1057 946 luisset.

77 967 151 1028 hacc
165 976 196 1030 et
209 969 249 1031 ab
264 967 401 1029 Eumene
415 975 446 1030 et
459 967 499 1028 ab
513 965 644 1030 Rhodiis
660 975 800 1043 excepta.
826 982 864 1028 ea
879 983 1004 1046 quoque
1018 968 1058 1030 iis

79 1067 146 1126 pars
168 1053 239 1113 data
261 1051 383 1123 Cariae,
409 1066 488 1127 quae
510 1051 638 1126 propior
656 1050 799 1112 Rhodum
819 1049 952 1115 insulam
973 1061 1060 1115 bans

76 1129 272 1198 Maeandrum
286 1149 407 1196 amnem
421 1142 484 1205 cst3
507 1135 638 1211 oppida,
660 1133 734 1208 vici,
749 1135 892 1210 castella,
908 1138 989 1213 agri,
1005 1138 1059 1212 qui

77 1217 114 1278 ad
127 1217 273 1280 Pisidiam
286 1226 431 1296 vergunt,
451 1217 511 1280 nisi
526 1233 608 1295 quae
621 1233 728 1279 eorum
743 1219 860 1296 oppida
872 1219 904 1280 in
918 1219 1061 1282 libertate

77 1299 204 1372 tuissent
217 1303 333 1382 pridie,
356 1319 447 1378 quatu
462 1319 533 1364 cum
545 1302 700 1364 Antiocho
714 1318 789 1378 rege
802 1301 834 1364 in
848 1303 925 1364 Asia
940 1319 1057 1380 pugna—

78 1390 138 1448 tum
152 1395 209 1448 est.

156 1469 216 1534 Pro
230 1471 279 1532 his
294 1487 364 1534 cum
378 1472 492 1546 gratias
512 1470 651 1546 egissent
663 1469 790 1545 Rhodii,
813 1471 852 1532 de
868 1471 949 1534 Solis
970 1473 1059 1548 urbe,

78 1567 153 1626 quae
173 1553 325 1618 incilicia
345 1562 406 1630 est,
434 1561 571 1630 cgemnt.
603 1552 697 1630 Argis
717 1560 748 1616 et
766 1554 852 1629 illos,
874 1556 955 1620 sicut
974 1571 1058 1632 sese,

77 1635 222 1700 oriundos
238 1655 328 1710 esse;
354 1639 391 1700 ab
413 1654 451 1698 ea
469 1638 668 1714 germanitate
682 1639 845 1700 fraternam
860 1640 919 1701 sibi
935 1639 1004 1702 cum
1017 1639 1056 1700 iis

76 1719 231 1784 caritatem
250 1738 339 1792 esse;
369 1729 475 1797 petere
495 1721 556 1782 boe
576 1721 850 1784 extraordinarium
871 1741 997 1800 munus,
1023 1731 1057 1784 ut

76 1817 141 1867 eam
156 1805 310 1867 civitatem
330 1821 371 1867 ex
391 1804 539 1866 servitute
558 1804 644 1878 regia
664 1804 841 1868 eximerent.
871 1809 970 1872 vocati
985 1815 1055 1869 sunt
1167 1849 1170 1855 ·

75 1885 165 1960 legati
187 1890 270 1965 regis
290 1887 450 1963 Antiochi,
475 1895 639 1964 actumque
661 1903 730 1948 cum
751 1889 788 1948 iis
810 1897 874 1960 est;
897 1906 956 1950 nec
971 1887 1055 1966 quic·

77 1983 166 2042 quam
186 1971 389 2050 impetratum
403 1977 534 2034 testante
556 1971 685 2032 foedera
703 1973 880 2048 Antipatro,
905 1975 1057 2034 adversus

77 2067 154 2128 quae
168 2057 207 2118 ab
218 2055 349 2120 Rhodis
363 2073 424 2118 non
438 2054 530 2117 Solos
545 2055 603 2116 sed
618 2054 752 2116 Ciliciam
765 2055 828 2132 peti
843 2063 873 2117 et
883 2055 956 2132 iuga
965 2057 1058 2118 Tauri

76 2143 258 2205 transcendi.
279 2141 433 2205 revocatis
445 2141 475 2200 in
487 2146 627 2202 senatum
633 2139 772 2216 Rhodiis,
785 2155 853 2202 cum
865 2147 1061 2218 quantopere

77 2223 340 2303 tenderetlegatus
351 2227 456 2300 regius
468 2225 697 2301 exposuissent,
709 2224 895 2302 adiecerunt,
912 2225 939 2288 si
950 2225 1061 2302 utique·

78 2319 141 2368 eam
154 2326 219 2372 rem
234 2313 274 2372 ad
289 2311 418 2372 civitatis
434 2325 510 2370 suae
525 2309 703 2385 dignitatem
722 2307 877 2386 pertinere
894 2317 1057 2372 censerent

76 2386 198 2470 Rhodii,
220 2401 360 2458 senatum
381 2391 464 2454 omni
483 2394 578 2454 modo
597 2399 843 2468 expugnaturum
857 2393 1059 2468 pertinaciam

76 2470 251 2548 legatomm.
273 2487 425 2542 tumuere
441 2476 611 2552 impensius
627 2492 719 2552 quam
733 2483 802 2535 ante
814 2477 927 2536 Rhodii
942 2475 1056 2550 gratias

77 2569 213 2640 egerunt,
251 2577 461 2638 cessurosque
489 2576 525 2621 sc
549 2559 653 2637 potius
678 2559 870 2634 arrogantiae
894 2559 1060 2634 Antipatri,

78 2655 164 2714 quam
180 2663 305 2710 causam
320 2645 491 2708 turbandae
511 2644 599 2722 pacis
618 2641 813 2720 praebituros
835 2641 986 2704 dixerunt.
1015 2643 1057 2702 ita

77 2724 148 2788 nihil
163 2731 202 2792 de
218 2732 301 2794 Solis
315 2737 463 2792 mutatum
477 2738 534 2790 est.

156 2813 248 2878 LVII.
278 2815 336 2876 Per
355 2831 412 2877 eos
432 2813 499 2875 dies
521 2829 633 2890 quinus
655 2811 732 2874 baec
747 2818 838 2888 gesta
852 2817 938 2886 sunt,
963 2811 1059 2887 legati

76 2889 311 2963 Massiliensium
331 2899 507 2962 nuntiarunt
526 2899 559 2958 L.
574 2898 722 2960 Baebium
743 2903 916 2972 praetorem
934 2895 966 2956 in
983 2913 1060 2972 pro·

77 2974 203 3046 Muciam
217 2984 400 3062 Hispaniam
419 2983 667 3060 proficiscentem
688 2981 727 3042 ab
741 2979 904 3056 Liguribus
927 2977 1060 3042 circum·

78 3071 214 3146 ventum,
239 3085 351 3145 magna
370 3077 458 3145 parte
478 3067 620 3129 comitum
641 3081 734 3128 caesa
746 3067 938 3127 vulneratum
952 3063 1058 3140 ipsum

79 3157 144 3210 ⁰1¹¹11
158 3155 266 3226 paucis
281 3154 349 3222 sine
363 3151 521 3214 lictoribus
534 3149 703 3214 Massiliam
721 3150 911 3226 perfugisse,
934 3153 965 3208 et
978 3147 1056 3206 intra

79 3229 208 3301 triduum
221 3239 412 3315 exspirasse.
434 3243 560 3298 senatus
574 3252 612 3298 ea
625 3251 659 3296 re
674 3234 778 3296 audita
793 3230 944 3305 decrevit,
965 3231 1008 3290 uti
1022 3230 1053 3289 Ρ.

78 3307 179 3380 lunius
192 3324 322 3399 Brutus,
339 3322 392 3398 qui
405 3327 588 3399 propraetor
602 3321 633 3380 in
646 3319 768 3380 Etmuia
781 3324 880 3388 esset,
895 3313 1057 3391 provincia

79 3404 274 3485 exercituque
293 3406 403 3468 madito
425 3405 478 3466 uni
499 3402 559 3464 cui'
570 3403 726 3465 videratur
739 3417 779 3462 cx
792 3399 916 3476 legatis,
941 3397 1057 3474 ipsein

79 3479 248 3553 tulleriorem
261 3489 442 3568 Hispaniam
456 3489 719 3567 proficisceretur,
739 3501 838 3562 eaque
854 3481 883 3544 ei
896 3481 1058 3560 provincia
