2480 3904
161 229 223 296 192
247 231 361 292 LIBER
377 231 495 292 xxxv.
513 230 596 292 cnr.
611 237 655 293 ιι.
666 238 709 292 ao.
725 235 908 304 [amessa.
921 235 1057 303 aurea]

162 386 273 458 sciam,
294 383 354 443 hue
370 382 504 453 veniam,
520 389 583 442 toto
600 381 674 442 orbe
687 389 837 442 terrarum
852 395 1004 455 quaerens
1021 381 1143 456 aliquos

160 468 307 530 Romanis
321 467 429 528 hostis.
452 467 555 542 itaque
570 466 597 526 si
613 465 724 541 quibus
739 471 861 526 tuorum
875 465 951 524 meis
964 465 1144 525 criminibus

161 553 242 629 apud
264 559 295 613 te
310 565 451 611 creseere
471 550 559 624 libet,
580 549 669 610 aliam
689 549 846 610 materiam
863 547 1025 609 crescendi
1039 563 1078 608 ex
1093 565 1145 608 me

162 643 317 713 quaerant.
340 635 392 696 odi
408 633 543 709 odioque
557 649 626 694 sum
636 633 793 694 Romanis.
816 633 848 693 id
859 648 908 692 me
919 647 1027 692 verum
1040 633 1145 692 dicere

157 719 409 796 -paterHamilear
420 724 450 777 et
460 717 501 778 dii
512 724 607 778 testes
623 725 703 779 sunt.
719 716 928 794 proindecum
941 717 981 776 de
992 715 1145 778 belloRo·

160 821 251 866 mano
266 803 429 876 cogitabis,
445 802 522 863 inter
537 802 653 877 primos
669 801 786 863 amicos
797 800 999 862 Hannibalem
1014 799 1137 862 habeto:

161 889 187 948 si
203 903 264 963 qua
284 901 335 946 res
350 892 380 945 te
395 885 435 946 ad
450 900 559 960 pacem
574 886 750 961 compellet,
771 886 803 946 in
818 884 850 946 id
864 885 1026 946 consilium
1041 885 1146 957 alium,

161 987 229 1032 cum
242 987 303 1047 quo
316 970 478 1046 deliberes,
492 971 661 1046 quaerito.“
676 987 740 1032 non
751 969 846 1030 movit
855 969 947 1030 modo
961 969 1031 1029 talis
1045 969 1145 1030 oratio

159 1071 280 1131 regem,
303 1055 359 1114 sed
374 1055 463 1114 etiam
477 1053 686 1114 reconciliavit
699 1053 870 1114 Hannibali.
903 1069 942 1112 ex
958 1053 1088 1114 consilio
1104 1054 1145 1114 ita

161 1140 334 1200 discessum
348 1144 403 1212 est,
419 1146 453 1200 ut
466 1139 576 1198 bellum
592 1145 759 1219 gereretur.

244 1224 308 1283 XX.
330 1223 447 1282 Romae
466 1222 660 1282 destinabant
674 1222 797 1297 quidem
812 1219 1008 1282 sermonibus
1022 1220 1148 1282 hostem

164 1307 353 1380 Antiochum,
370 1306 426 1365 sed
440 1307 587 1367 nihildum
602 1306 642 1379 ad
655 1305 687 1365 id
699 1305 810 1366 bellum
821 1311 944 1383 praeter
955 1305 1075 1366 animos
1088 1322 1148 1381 pa-

160 1391 278 1452 rabant.
309 1390 489 1450 consulibus
504 1387 654 1451 ambobus
669 1391 755 1452 ltalia
769 1389 931 1465 provincia
946 1389 1070 1450 decreta
1084 1396 1146 1464 est,

160 1475 201 1535 ita
222 1481 256 1534 ut
275 1475 353 1533 inter
373 1487 408 1531 se
430 1480 644 1548 compararent
664 1475 899 1544 sortirenturve,
922 1479 990 1534 uter
1012 1473 1145 1534 comitiis

160 1558 227 1618 eius
242 1557 312 1616 anni
326 1564 495 1632 praeesset.
525 1558 564 1616 ad
579 1563 679 1619 utrum
694 1574 732 1618 ea
746 1575 808 1618 non
823 1558 991 1633 pertineret
1005 1573 1095 1632 cura,
1111 1565 1145 1618 ut

160 1647 285 1716 paratus
301 1647 393 1713 esset,
409 1639 435 1699 si
451 1657 513 1714 quo
529 1657 598 1702 eum
613 1647 701 1702 extra
710 1641 827 1702 ltaliam
840 1657 920 1717 opus
932 1649 1017 1702 esset
1029 1643 1147 1702 ducere

158 1723 307 1798 legiones.
336 1721 408 1783 huie
422 1726 543 1784 ‘consuli
559 1725 752 1800 permissum,
771 1734 806 1786 ut
819 1727 898 1786 duas
912 1725 1051 1802 legiones
1066 1725 1145 1785 scri-

159 1807 246 1866 beret
259 1821 356 1867 novas
371 1813 402 1866 et
416 1807 534 1868 socium
549 1809 680 1870 nominis
689 1808 788 1870 Latini
802 1810 908 1885 viginti
922 1810 1004 1870 milia
1016 1817 1046 1870 et
1057 1810 1146 1884 equi·

160 1899 207 1950 tes
229 1891 430 1965 octingentos.
465 1893 550 1952 alteri
577 1891 697 1954 consuli
717 1893 798 1954 duae
823 1894 962 1970 legiones
989 1895 1144 1967 decretae,

161 1990 239 2048 quas
250 1974 283 2033 L.
297 1975 455 2036 Cornelius
471 1979 580 2037 consul
595 1977 766 2052 superioris
781 1979 854 2038 anni
865 1978 1032 2051 habuisset,
1050 1983 1080 2036 et
1091 1993 1145 2038 so-

161 2058 240 2117 cium
252 2074 288 2116 ac
294 2058 392 2118 Latini
404 2059 534 2119 nominis
546 2075 584 2120 ex
597 2061 707 2120 eodem
717 2061 854 2122 exercitu
863 2061 1038 2136 quindecim
1048 2061 1143 2136 milia,

160 2149 190 2198 et
210 2141 329 2215 equites
351 2143 516 2216 quingenti.
549 2143 583 2216 Q.
597 2143 730 2204 Minucio
752 2161 821 2205 cum
845 2147 982 2208 exercitu
1005 2160 1096 2220 quem
1112 2146 1145 2205 in

158 2223 322 2299 Liguribus
348 2224 494 2300 habebat,
521 2233 718 2304 prorogatum
743 2229 913 2304 imperium.
949 2229 1089 2290 additum
1112 2229 1146 2290 iu

160 2310 406 2384 supplementum
436 2318 468 2370 ut
493 2319 635 2387 quattuor
663 2311 745 2372 milia
772 2313 909 2388 peditum
932 2315 1145 2376 Romanorum

160 2393 366 2454 scriberentur
380 2402 409 2455 et
424 2401 545 2456 centum
561 2396 781 2473 quinquaginta
795 2399 924 2474 equites,
941 2405 971 2459 et
982 2399 1079 2459 sociis
1091 2413 1146 2460 eo-

161 2477 229 2538 dem
252 2478 388 2554 quinque
408 2478 490 2540 milia
505 2481 640 2556 peditum
652 2481 892 2556 imperarentur,
915 2481 1040 2543 ducenti
1056 2483 1146 2557 quin-

161 2562 306 2636 quaginta
320 2563 449 2638 equites.
482 2565 535 2624 Cn.
550 2565 680 2626 Domitio
696 2572 782 2625 extra
795 2566 920 2642 ltaliam,
938 2582 999 2642 quo
1015 2573 1147 2628 senatus

160 2647 343 2721 censuisset,
360 2648 519 2722 provincia
534 2651 642 2723 evenit,
657 2649 690 2710 L.
707 2649 846 2724 Quinctio
864 2651 960 2710 Gallia
974 2657 1006 2712 et
1021 2651 1148 2712 comitia

159 2726 311 2788 habenda.
344 2739 502 2804 praetores
515 2733 627 2792 deinde
642 2733 818 2808 provincias
834 2733 941 2808 sortiti,
960 2734 1001 2794 M.
1016 2733 1146 2796 Fulvius

160 2808 353 2870 Centumalus
368 2814 531 2888 urbanam,
552 2816 586 2875 L.
603 2815 782 2878 Scribonius
796 2817 878 2878 Libo
889 2819 1096 2894 peregrinam,
1110 2819 1147 2880 L.

158 2889 301 2952 Valerius
321 2895 427 2970 Tappo
450 2895 597 2970 Siciliam,
625 2899 658 2972 Q.
681 2900 825 2962 Salonius
847 2901 939 2963 Sarra
960 2901 1147 2978 Sardiniam,

158 2973 199 3033 M.
215 2973 349 3036 Baebius
368 2979 544 3054 Tamphilus
564 2981 745 3056 Hispaniam
767 2986 954 3061 citeriorem,
976 2988 1013 3046 A.
1030 2987 1147 3048 Atilius

160 3055 311 3120 Serranus
334 3061 517 3123 ulteriorem.
556 3067 614 3125 sed
638 3065 685 3127 his
709 3069 830 3130 duobus
856 3071 988 3145 primum
1014 3078 1147 3132 senatus

160 3145 310 3219 consulto,
326 3145 437 3207 deinde
451 3148 552 3221 plebei
568 3151 657 3209 etiam
670 3150 747 3212 seito
760 3159 950 3227 permutatae
962 3153 1147 3229 provinciae

160 3234 245 3286 sunt:
267 3227 359 3289 Atilio
376 3231 484 3291 classis
501 3238 530 3292 et
543 3231 739 3310 Macedonia,
760 3235 875 3298 Baebio
889 3237 999 3298 Bruttii
1015 3238 1145 3299 decreti.

159 3308 306 3374 Flaminio
326 3311 496 3390 Fulvioque
518 3315 548 3376 in
568 3317 724 3392 hispaniis
747 3328 947 3396 prorogatum
968 3323 1145 3397 imperium.

159 3389 274 3483 Baebio
285 3395 442 3471 Tamphilo
456 3399 487 3458 in
498 3399 632 3462 Bruttios
648 3402 727 3463 duae
738 3404 877 3478 legiones
891 3405 1045 3480 decretae,
1063 3422 1146 3481 quae

159 3485 261 3542 priore
283 3491 363 3538 anno
384 3481 526 3578 urbanae
538 3485 681 3560 luissent,
708 3494 738 3546 et
757 3493 790 3546 ut
806 3488 905 3548 sociis
927 3489 1039 3550 eodem
1061 3489 1146 3550 milia
