2480 3904
179 173 1017 250 1mfflfflmmmm

176 328 262 390 uario
282 333 383 388 umen
404 332 517 388 eventu
537 340 595 384 neo
616 324 684 384 siue
702 323 830 386 militum
850 323 966 386 iactura
981 330 1054 385 sunt
1068 327 1162 386 laeta.

176 412 310 472 maiores
324 416 430 485 gestae
440 423 491 472 ros
504 407 573 470 aM.
581 407 702 470 Fulvio.
722 408 751 468 is
765 407 848 482 upnd
858 407 997 470 'toletum
1009 409 1163 484 oppidum

174 513 247 558 oum
261 493 412 556 Vardaeis
426 491 680 568 Ventouibusque
700 501 731 553 et
745 490 903 556 celtiberis
925 491 1024 567 signis
1035 493 1162 554 eollatis

176 579 344 652 dmuout
360 577 527 640 exereitum
539 591 647 640 eorum
661 575 797 650 gentium
811 575 889 638 ludit
899 575 1097 653 lugendoque,
1111 593 1162 638 re·

175 679 245 738 gem
259 663 415 726 tinum
428 662 533 726 viuum
544 662 639 736 oepit.

260 747 341 808 ulit.
364 745 437 808 Cum
452 745 574 826 huoniu
589 744 737 819 Hispania
748 745 951 820 gerebantur,
961 744 1161 808 ooauuorum

174 832 235 896 iem
251 829 416 906 appetebat
429 829 506 890 dies.
528 828 854 904 itaquetentantes
869 829 979 890 musul
995 828 1105 888 iolioto
1121 828 1162 888 ad

171 916 342 978 eumalium
355 913 538 978 melanito
559 914 660 987 legato
679 913 809 976 Romam
829 913 921 974 veuit.
947 912 977 972 is
995 913 1029 972 in
1050 919 1163 974 senatu

175 1015 245 1064 oum
262 1000 302 1064 de
314 999 407 1060 rebus
422 999 461 1058 olo
475 1013 512 1059 se
520 998 621 1074 ipisus
632 997 841 1072 disseruisset,
852 1012 984 1072 ‹quoque
994 1002 1076 1058 stam
1087 1013 1162 1072 pro-

176 1084 276 1148 vintia
286 1091 389 1156 esset,
412 1091 540 1159 questus
556 1089 603 1144 est
617 1098 685 1146 oum
699 1081 836 1157 panibus
848 1081 1051 1158 uousoriptis,
1073 1081 1163 1157 quod

175 1175 259 1230 mmo
274 1167 354 1234 bullo
369 1183 432 1228 una
447 1167 585 1228 seeundo
604 1182 709 1242 pugna
721 1172 785 1228 tum
800 1165 927 1228 feliciter
941 1167 1078 1241 persono
1094 1183 1163 1226 nou

177 1261 261 1314 esset
273 1251 395 1314 habitus
410 1251 470 1312 diis
485 1251 706 1313 immortalibus
720 1249 832 1311 eoum.
855 1250 1162 1326 pessumdatum,

177 1336 430 1414 supputationem
452 1335 541 1396 siruul
560 1335 808 1410 triumphumque
829 1335 1039 1396 desumerent.
1071 1334 1162 1408 prius

176 1429 277 1486 tunm
292 1435 383 1495 quam
396 1419 503 1481 relatio
519 1420 620 1493 limet,
640 1419 675 1492 0.
690 1418 845 1490 Metellus,
870 1417 924 1494 qui
937 1419 1048 1482 oonsut
1061 1419 1163 1480 diota·

176 1513 287 1580 unque
299 1505 408 1578 iuerat
426 1503 542 1566 litteras
558 1503 668 1563 eodem
682 1511 821 1578 tempore
836 1503 957 1564 d‘tx'ttet
970 1503 1109 1566 consutis
1125 1503 1160 1562 L.

173 1587 308 1654 cornui
328 1587 369 1650 ad
389 1594 527 1650 senatum
547 1595 578 1648 et
598 1587 638 1648 Μ.
659 1586 795 1650 Momm
816 1587 857 1648 nd
876 1603 1018 1662 maenum
1041 1595 1163 1662 partem

173 1679 353 1736 senatorum
367 1672 485 1734 adletas
500 1687 572 1735 esso
586 1671 665 1734 inter
679 1687 714 1732 se
723 1672 907 1747 poenalium
923 1687 1023 1747 eoque
1034 1671 1160 1732 dilatum

173 1767 248 1822 esse
269 1756 536 1830 consultationem,
563 1764 597 1818 ul
616 1755 830 1832 praesentibus
855 1755 1032 1820 auctoribus
1053 1771 1164 1818 oerum

173 1841 341 1904 litterarum
352 1840 588 1916 disseptareuir.
611 1842 715 1917 itique
728 1847 933 1917 ouspeotnsse
945 1855 1024 1917 sese,
1041 1847 1073 1902 ut
1085 1856 1162 1902 oon·

173 1926 234 2000 sul,
248 1925 303 2002 qni
314 1925 409 1986 *soiret
424 1925 462 1986 nb
476 1926 577 2000 legato
592 1941 650 1987 suo
665 1926 816 1987 adiremus
829 1941 864 1986 se
875 1927 1022 2002 seriptum
1033 1925 1162 2000 aliquid,

177 2025 247 2074 uum
259 2008 321 2084 ipsi
336 2009 520 2072 ueniendum
534 2016 627 2082 esset,
644 2009 811 2074 deduceret
817 2025 891 2071 eum
905 2025 1010 2072 seeum
1019 2011 1162 2084 Romam,

177 2109 246 2156 oum
267 2091 358 2156 etiam
380 2094 482 2156 vetius
500 2101 587 2156 esset
600 2093 643 2152 Ti.
659 2092 842 2170 Sempronio
860 2095 1019 2170 imperimu
1034 2091 1163 2154 habenti

174 2177 254 2238 tradi
276 2177 441 2238 exercituum
463 2193 554 2252 quom
574 2179 685 2252 legato.
718 2196 803 2240 mune
821 2179 920 2240 videri
940 2194 1012 2244 esse
1026 2186 1164 2240 amotum

175 2261 215 2322 de
232 2259 382 2321 industria
398 2263 450 2338 qui
464 2276 502 2324 ea
513 2277 596 2337 ottae
612 2262 791 2338 soilpsisset
801 2279 952 2339 praesens
962 2263 1095 2333 didonem
1111 2279 1163 2323 ur·

175 2359 270 2418 guone
285 2360 397 2420 eoram,
414 2353 445 2408 et
458 2344 486 2408 si
498 2346 657 2421 ouiduani
669 2347 809 2423 adferret,
826 2349 912 2424 argui
924 2355 1041 2423 posset,
1058 2347 1164 2409 donee

174 2428 216 2494 tul
235 2429 385 2506 liquidum
403 2430 516 2494 veritas
538 2433 698 2507 ori-plorato
718 2440 810 2492 esset.
842 2433 948 2509 itaque
962 2431 1036 2492 nihil
1050 2447 1164 2493 eorum

176 2529 255 2590 quoe
276 2514 448 2590 postularet
462 2518 586 2590 consu,
608 2516 834 2578 decernendum
848 2515 880 2577 iu
895 2515 1072 2592 praesentia
1088 2531 1162 2576 oeu-

175 2614 254 2662 sene.
282 2615 353 2662 oum
367 2607 510 2676 pergeret
524 2600 616 2662 nihilo
632 2601 758 2676 segnius
772 2602 903 2676 referre,
925 2609 958 2662 ut
970 2601 1161 2676 supplicatio

175 2681 392 2746 decerneretur
404 2685 661 2761 triumphantique
677 2685 735 2746 sibi
749 2685 856 2747 urbem
870 2685 973 2746 invalui
987 2685 1103 2758 liceret,
1119 2684 1161 2744 lt

175 2775 206 2826 ot
220 2765 251 2826 C.
267 2767 366 2828 Titinii
386 2768 497 2829 tribuni
518 2770 618 2842 plebis
639 2785 676 2829 se
696 2770 938 2846 intercessuros,
961 2769 988 2829 si
1010 2770 1051 2829 dte
1073 2785 1113 2830 ea
1126 2785 1162 2829 re

174 2849 262 2910 fieret
276 2857 401 2911 senatus
416 2853 600 2926 consultum,
616 2853 768 2914 dixerunt.

257 2933 308 2992 IX.
338 2933 490 2997 censores
512 2944 599 2998 erunt
618 2939 720 3013 priore
742 2955 822 3001 anno
847 2938 940 3000 oranti
962 2937 1034 2998 Sex.
1050 2939 1160 3000 Aelius

173 3015 284 3077 Paetus
300 3025 330 3079 et
348 3017 378 3077 C.
396 3019 553 3082 Cornelius
569 3021 730 3098 Cethegus.
765 3023 925 3084 Cornelius
940 3025 1070 3084 lustrum
1086 3039 1160 3084 oon-

174 3099 258 3164 didit.
283 3117 381 3164 oelisa
401 3113 473 3166 sunt
493 3107 603 3167 citium
626 3108 725 3182 cupita
745 3107 1086 3182 centumquadraginta
1104 3109 1160 3167 tria

173 3183 257 3247 utilio
275 3186 470 3263 septingenta
491 3197 641 3265 quattuor.
671 3207 772 3266 aquae
787 3193 927 3267 ingentes
943 3207 980 3252 eo
996 3208 1078 3252 auno
1091 3193 1160 3252 iue-

174 3277 257 3343 runt,
275 3277 305 3330 et
318 3270 434 3332 Tiberis
449 3273 518 3332 loca
532 3275 624 3347 planu
639 3275 723 3334 urbis
738 3275 905 3336 inundarit.
937 3277 1022 3336 eirea
1036 3282 1158 3350 portam

173 3349 402 3414 Flumentanam
430 3357 518 3416 etiem
543 3357 682 3431 collapso
707 3360 859 3432 quaedam
882 3361 980 3420 ruilus
1006 3368 1096 3432 sunt3
1130 3367 1159 3418 et

175 3436 1158 3519 portacoeltmontmntutmlneietaestniurusqueeireamultts
