2506 3898
111 213 115 220 '
159 224 222 292 sto
294 225 570 288 nrannxxxvu.
593 219 1006 298 praenupserunt

158 387 237 456 tuor,
249 377 404 440 eburneos
416 377 523 438 dentes
534 376 616 436 mille
627 375 778 456 ducentos
788 374 911 451 triginta
920 393 1026 450 unum,
1034 346 1153 438 aureas

160 477 294 526 coronas
308 462 457 523 ducentas
472 460 594 535 aigina
604 464 757 536 quattuor,
772 459 1010 536 argentipondo
1023 467 1153 522 centurn

159 546 282 624 triginta
306 552 427 622 septem
449 545 532 604 nuilla
551 542 776 619 quadringenta
795 543 917 620 viginti,
941 545 1152 606 tetrachmum

159 630 329 694 Atticorum
354 629 487 690 ducenta
511 627 617 704 viginti
643 634 787 703 quattuor
808 628 907 702 milia,
932 627 1152 706 cistophorum

158 721 296 776 trecenta
309 711 431 788 triginta
444 727 539 773 unum
552 711 636 772 milia
650 713 854 788 septuaginta,
875 727 1018 775 nummos
1032 729 1152 776 aureos

158 796 337 874 Philippeos
352 803 471 857 centum
489 793 691 872 quadraginta
705 795 804 868 milia,
825 812 973 860 vasorum
984 805 1153 874 argenteo

158 897 226 942 rum
243 915 281 928 --
297 880 400 942 omnia
424 881 542 942 caelata
561 887 649 940 erant
663 913 693 925 —
716 879 799 941 mille
818 883 924 957 pondo
946 890 978 944 et
999 883 1150 956 quadrin-

158 972 249 1041 genta
262 964 369 1041 viginti
385 971 537 1042 quattuor,
552 979 716 1026 aureorum
729 963 811 1026 mille
823 966 928 1039 pondo
938 965 1045 1040 viginti
1059 973 1152 1042 quat·

158 1058 238 1112 tuor.
268 1057 299 1112 et
312 1049 408 1110 duces
428 1050 519 1124 regii,
543 1048 704 1123 praelecti,
726 1049 886 1124 purpurati
903 1049 964 1110 duo
980 1056 1012 1110 et
1024 1050 1153 1126 triginta

159 1141 231 1196 ante
255 1149 378 1196 numum
402 1133 494 1194 ducti.
532 1131 678 1193 militibus
702 1131 908 1208 quiniviceni
932 1133 1051 1194 denarii
1075 1135 1150 1196 dati

159 1219 275 1294 duplex
296 1217 482 1292 centurioni,
502 1217 614 1294 triplex
637 1216 740 1292 equiti.
770 1223 801 1277 et
814 1217 1001 1292 stipendium
1016 1217 1152 1280 militare

159 1311 190 1364 et
204 1304 387 1365 trumentum
409 1304 525 1378 duplex
546 1306 617 1378 post
630 1299 817 1376 triumphum
833 1301 946 1362 datum·
977 1303 1100 1377 proelio
1117 1319 1151 1362 m

159 1388 237 1448 Asia
256 1389 337 1448 lacto
359 1387 474 1462 duplex
495 1385 632 1447 dederat
665 1384 863 1460 triumphavit
882 1399 963 1446 anno
981 1387 1048 1448 iere
1063 1393 1149 1462 post,

160 1485 253 1546 quam
268 1472 430 1532 consulatu
444 1471 526 1529 abiit.
1052 1545 1055 1548 Ι

242 1553 304 1615 LX.
325 1553 443 1615 Eodem
465 1554 528 1612 iere
548 1559 688 1628 ternpore
709 1561 740 1615 et
760 1553 812 1614 (ln.
830 1553 962 1615 Manlius
983 1556 1093 1616 consul
1115 1553 1147 1617 in

158 1639 264 1699 Asiam
279 1645 309 1698 et
321 1638 354 1712 Q.
366 1637 480 1698 Fabius
491 1637 595 1698 Labeo
609 1643 734 1714 praetor
749 1637 789 1698 ad
803 1639 936 1700 classem
949 1637 1043 1700 venit
1065 1647 1148 1701 cete

157 1739 225 1782 rum
245 1723 366 1782 consuli
387 1737 452 1783 non
474 1722 580 1782 deerat
601 1737 671 1783 eum
689 1721 784 1784 Gallis
804 1721 877 1782 belli
898 1723 1041 1793 materia;
1061 1739 1149 1784 marc

158 1811 302 1882 pacatum
316 1813 382 1867 erat
396 1806 517 1866 devicto
532 1806 696 1869 Antiocho.
719 1805 865 1881 cogitanti
880 1805 914 1880 Q.
925 1805 1021 1868 Fabio
1037 1805 1087 1867 cui
1100 1807 1146 1870 rei
1249 1827 1250 1834 ¹

158 1889 353 1967 potissimum
377 1891 545 1964 insisteret,
572 1906 611 1951 ne
633 1891 764 1952 otiosam
789 1889 979 1966 provinciam
996 1889 1146 1952 habuisse
1249 1905 1250 1927 ³

157 1973 256 2036 rideri
270 1983 393 2050 posset,
410 1975 557 2051 optimum
570 1976 671 2036 visum
687 1978 780 2036 estin
796 1975 913 2036 Oreum
928 1973 1061 2036 insulam
1074 1975 1145 2036 trai-

158 2074 238 2119 cere.
261 2059 450 2137 Cydoniatae
465 2060 579 2120 bellum
594 2060 747 2120 adversus
764 2059 930 2138 Gortynios
945 2058 1146 2135 Gnosiosque
1248 2089 1249 2126 r

157 2143 313 2218 gerebant
330 2150 361 2203 et
375 2143 565 2218 captivorum
580 2143 789 2204 Romanorum
805 2150 897 2218 atque
913 2140 1008 2204 Italici
1021 2144 1146 2218 generis

157 2241 287 2300 magnus
303 2239 449 2286 numerus
460 2225 490 2284 in
503 2227 649 2286 servitute
661 2241 734 2288 esse
745 2241 801 2301 per
812 2233 905 2287 totam
917 2227 1051 2286 insulam
1062 2227 1145 2290 dice·

156 2310 254 2370 batur.
286 2310 388 2370 classe
408 2309 447 2368 ab
467 2307 593 2384 Epheso
615 2312 774 2385 proiectus
795 2325 864 2371 cum
884 2311 1017 2386 primum
1038 2311 1146 2373 Cretae

157 2395 228 2456 litus
243 2392 348 2470 attigit,
364 2394 488 2454 nundus
503 2389 587 2454 circa
601 2393 738 2456 civiates
747 2394 843 2468 misit,
856 2402 890 2456 ut
904 2395 997 2456 armis
1013 2395 1143 2457 absiste·
1247 2403 1248 2428 ³

156 2487 238 2553 rent,
261 2479 464 2557 captivosque
478 2477 511 2536 in
525 2478 592 2539 suis
608 2495 752 2555 quaeque
765 2477 894 2541 urbibus
909 2481 1058 2556 agrisque
1073 2496 1143 2542 con-

158 2563 288 2710 quisiffis
299 2563 491 2638 reducerent,
503 2565 666 2640 etlegetos
678 2565 830 2624 mitterent
840 2564 881 2624 ad
892 2580 937 2640 se,
949 2579 1020 2624 cum
1031 2566 1144 2640 quibus

156 2647 196 2707 de
210 2663 244 2708 re
267 2663 303 2710 us
324 2649 365 2709 ad
380 2647 535 2710 cretensis
559 2652 672 2726 pariter
685 2650 906 2723 Romanosque
919 2649 1143 2725 pertinentibus
1246 2691 1247 2694 ,

156 2740 269 2805 ageret.
293 2732 366 2792 nihil
378 2747 565 2810 magnopere
579 2748 616 2793 ea
628 2734 789 2794 Cretenses
801 2741 972 2794 moverunt.
992 2734 1143 2808 captivos,

156 2823 279 2889 practer
298 2815 473 2892 Gortynios,
488 2816 564 2878 nulll
578 2817 788 2877 reddiderunt
820 2815 965 2878 Valerius
978 2819 1089 2878 Antias
1105 2817 1142 2878 ad

158 2904 303 2973 quattuor
315 2899 398 2958 milia
412 2900 614 2975 captivorum,
630 2901 702 2977 quia
715 2901 787 2960 belli
801 2901 899 2962 minas
913 2903 1088 2974 timuerunt,
1104 2917 1142 2961 ex

155 2987 219 3042 tota
238 2983 340 3042 insula
358 2981 479 3044 reddita
494 2984 634 3060 scripsit;
656 2999 786 3060 eamque
803 3000 929 3046 causant
941 2984 1053 3060 Fabio,
1076 3001 1143 3046 cum

156 3080 223 3126 rem
244 3067 356 3127 nullam
372 3065 464 3126 aliam
477 3069 645 3144 gessisset,
667 3069 785 3130 navalis
800 3069 945 3146 triumphi
959 3069 1142 3144 impetrandi

155 3148 194 3210 ab
217 3156 328 3212 senatu
348 3150 455 3214 luisse.
489 3153 617 3214 acreta
636 3153 794 3228 Ephesum
813 3151 928 3216 Fabius
945 3153 1041 3222 redit;
1069 3153 1143 3214 inde
1244 3177 1245 3208 l

153 3233 251 3296 tribus
272 3235 403 3296 navibus
423 3233 454 3294 in
469 3235 616 3298 'thraciae
637 3253 722 3298 oram
743 3237 847 3298 missis
870 3238 908 3298 ab
923 3237 1012 3298 Aeno
1033 3245 1065 3298 et
1077 3235 1140 3296 lla·

152 3318 241 3379 conia
259 3319 415 3396 praesidia
428 3319 572 3382 Antiochi
589 3320 700 3383 deduci
713 3319 819 3397 iussit,
840 3328 876 3385 ut
888 3321 919 3382 in
934 3319 1074 3384 libertate
1087 3335 1144 3382 eae

154 3397 294 3462 civitates
308 3413 422 3465 esseut.

517 3523 743 3544 r--w
