2480 3904
243 143 715 241 praeeminentiae.
739 175 775 252 [t.
791 185 823 238 c.
842 184 901 251 rar]
998 180 1060 243 are

78 336 105 392 si
118 331 259 406 classem,
272 330 301 392 si
311 331 478 408 exercitum
490 330 606 392 amittat
614 330 775 405 Hannibal,
787 330 869 391 idem
880 331 982 392 damni
996 333 1061 392 lore

77 416 157 478 acsi
173 431 229 491 per
243 416 336 476 alium
350 415 460 476 ducem
476 416 664 476 amittantur:
686 414 712 476 si
735 414 809 490 quid
825 429 975 490 prospere
990 429 1061 476 eve·

76 499 156 575 niat,
170 499 350 561 Hannibalis
365 514 447 572 eam,
464 514 526 560 non
540 497 683 560 Antiochi
698 499 827 572 gloriam
842 499 917 558 lere.
943 499 970 558 si
985 514 1060 560 vero

76 585 224 646 universo
244 583 326 644 bello
351 583 494 644 vincendi
516 583 673 644 Romanos
696 584 817 643 lortuna
838 583 940 656 detur,
968 598 1060 658 quam

76 683 168 744 spem
182 682 254 728 esse
265 667 323 728 sub
334 682 408 742 rege
418 667 570 728 victurum
580 665 795 740 Hannibalem,
813 665 866 727 uni
879 665 1058 742 subiectum,

76 752 129 828 qui
145 749 274 827 patriam
290 766 389 827 prope
404 766 465 811 non
480 751 602 812 tulerit?
622 766 683 812 uon
705 750 747 812 ita
767 764 802 810 se
818 767 836 812 a
850 750 974 811 iuventa
991 765 1060 810 eum

74 835 231 911 gessisse,
248 851 306 911 spe
320 835 485 911 animaque
501 835 695 910 complexum
710 833 793 895 orbis
805 839 954 894 terrarum
965 833 1061 909 impe·

74 919 171 994 rium,
196 919 279 980 utin
306 925 464 980 senectute
485 919 642 981 dominum
667 919 784 978 latinus
805 917 953 978 videatur.
986 915 1059 978 nihil

74 1019 159 1078 opus
174 1018 247 1064 esse
260 1003 325 1078 regi
340 1004 420 1064 duce
435 1003 622 1064 Hannibale:
647 1002 758 1063 comite
772 1009 802 1062 et
816 1001 990 1062 consiliario
1006 1017 1053 1062 eo

74 1089 148 1148 dem
168 1087 209 1148 ad
228 1087 341 1148 bellum
360 1087 404 1147 uti
425 1103 530 1164 posse.
559 1086 715 1146 modicum
733 1081 866 1148 ¹fructum
881 1099 922 1145 ex
936 1085 1059 1160 ingenio

73 1171 128 1230 tali
143 1185 245 1247 neque
259 1185 384 1246 grauem
399 1185 500 1247 neque
514 1171 649 1232 inutilem
663 1169 745 1228 iores
766 1169 793 1230 si
814 1183 934 1230 summa
954 1174 1059 1244 petan-

73 1263 134 1327 tur,
151 1261 181 1315 et
195 1255 317 1315 dantem
329 1262 360 1316 et
370 1254 572 1330 accipientem
584 1259 832 1329 praegravatum.
853 1251 955 1314 XLlll.
977 1253 1061 1312 nulla

73 1339 199 1413 ingenia
212 1347 273 1399 tam
288 1353 386 1414 prona
399 1339 440 1398 ad
460 1339 605 1398 invidiam
626 1345 699 1398 sunt
713 1352 805 1412 quam
820 1352 926 1398 eorum
941 1335 993 1412 qui
1007 1351 1059 1411 ge-

73 1439 136 1482 nus
152 1437 189 1483 ac
203 1423 356 1484 fortunam
371 1437 458 1484 suam
471 1422 579 1484 animis
594 1438 656 1482 non
668 1428 817 1497 aequant,
834 1420 907 1495 quia
918 1420 1059 1481 virtutem

73 1514 106 1567 et
120 1507 238 1568 bonum
252 1507 384 1568 alienum
399 1507 540 1568 oderunt.
569 1506 723 1582 extemplo
745 1505 907 1566 consilium
921 1503 1059 1564 mittendi

72 1589 270 1664 Hannibalis,
292 1590 376 1666 quod
397 1607 492 1652 unum
513 1592 544 1651 in
566 1590 717 1666 principio
731 1589 803 1650 belli
818 1589 930 1650 utiliter
944 1588 1058 1662 cogita-

73 1681 234 1748 tumeret,
256 1672 406 1735 abiectum
428 1682 484 1736 est.
517 1674 719 1740 Demetriadis
741 1673 873 1733 maxime
887 1671 1059 1734 delectione

73 1759 113 1818 ab
125 1757 275 1818 Romanis
291 1759 331 1818 ad
341 1759 469 1819 Aetolos
485 1759 584 1819 elatus
595 1773 658 1818 non
669 1761 748 1818 ultra
759 1757 883 1818 differre
895 1755 1058 1832 profectio·

74 1843 199 1902 nemin
220 1841 379 1918 Graeciam
400 1843 563 1904 constituit.
596 1843 776 1918 priusquam
797 1843 931 1903 solveret
950 1856 1058 1916 naves,

73 1927 162 1987 llium
178 1926 286 1988 amari
301 1927 455 2001 escendit,
475 1934 509 1988 ut
523 1924 681 1986 Minervae
702 1925 898 1986 sacrificaret.
924 1924 997 1992 inde
1015 1923 1059 1984 ad

74 2011 210 2071 classem
230 2025 392 2086 regressus
415 2010 621 2086 proficiscitur
644 2009 844 2086 quadraginta
864 2007 951 2068 tectis
973 2009 1058 2067 navi-

72 2095 150 2168 bus,
166 2095 282 2169 apertis
297 2095 473 2170 sexaginta
490 2101 520 2155 et
534 2094 685 2155 ducentae
701 2093 860 2154 onerariae
875 2106 943 2152 cum
959 2091 1058 2152 omnis

74 2178 200 2254 generis
216 2185 388 2240 commeatu
404 2178 575 2254 bellicoque
595 2179 656 2239 alio
675 2184 824 2254 apparatu
839 2175 1058 2252 sequebantur.

72 2263 209 2324 Imbrum
225 2263 322 2338 primo
334 2263 464 2323 insulam
475 2263 586 2334 tenuit;
608 2263 680 2324 inde
693 2261 848 2324 Sciathum
858 2259 984 2320 traiecit.
1005 2259 1056 2321 ubi

74 2347 215 2408 collectis
226 2347 256 2406 in
269 2349 329 2408 alto
342 2362 422 2424 quae
433 2347 601 2423 dissipatae
612 2353 699 2408 erant
709 2346 855 2418 navibus,
872 2345 912 2404 ad
922 2343 1056 2405 Pteleum

73 2431 209 2506 primum
220 2431 504 2504 continentisvvenit.
527 2429 567 2489 ibi
576 2429 772 2508 Eurylochus
785 2430 812 2488 ei
822 2427 1057 2502 Magnetarches

74 2515 298 2592 principesque
309 2515 483 2590 Magnetum
494 2513 533 2574 ab
544 2513 737 2574 Demetriade
749 2517 963 2580 occurrerunt,
980 2526 1058 2586 quo·

72 2613 143 2660 rum
159 2599 330 2675 frequentia
349 2599 448 2660 laetus
469 2599 519 2658 die
541 2603 666 2673 postero
686 2596 716 2655 in
738 2603 859 2670 portum
873 2593 959 2654 urbis
973 2593 1058 2653 navi-

72 2684 134 2744 bus
150 2690 200 2744 est
214 2681 369 2757 invectus,
391 2682 499 2758 copias
520 2681 601 2742 haud
619 2681 726 2756 procul
741 2679 813 2740 inde
826 2677 979 2752 exposuit.
1003 2677 1057 2736 de·

73 2783 143 2828 cem
154 2767 238 2828 milia
249 2767 384 2843 peditum
397 2767 483 2828 luere
489 2773 519 2826 et
526 2765 682 2842 quingenti
691 2763 820 2839 equites,
829 2777 886 2824 sex
893 2759 1058 2837 elephanti,

71 2850 126 2912 vix
143 2851 184 2910 ad
199 2850 357 2912 Graeciam
371 2851 485 2912 nudam
500 2850 712 2926 occupandam
725 2848 802 2909 satis
815 2845 988 2922 copiarum,
1003 2861 1058 2904 ne·

73 2935 147 2996 dum
165 2935 205 2996 ad
219 2935 432 2996 sustinendum
445 2936 615 2996 Romanum
629 2934 752 2994 bellum.

159 3020 278 3092 Aetoli,
301 3025 465 3096 postquam
482 3018 706 3080 Demetriadem
727 3015 851 3077 venisse
870 3014 1056 3075 Antiochum

73 3103 211 3164 adlatum
232 3111 292 3178 est,
318 3102 447 3164 coneilio
469 3101 583 3163 indicto
605 3101 760 3163 decretum
782 3116 844 3175 quo
865 3104 1058 3162 arcesserent

73 3203 145 3247 eum
162 3187 309 3249 lecerunt.
331 3186 391 3248 iam
406 3187 562 3262 proiectas
577 3186 616 3246 ab
630 3185 823 3246 Demetriade
837 3199 908 3256 rex,
929 3181 1002 3257 quia
1015 3180 1058 3240 lta

74 3271 257 3334 decreturos
272 3271 404 3346 sciebat,
419 3270 548 3330 Phalara
560 3271 591 3329 in
607 3269 707 3330 sinum
717 3268 879 3328 Maliacum
893 3277 1057 3340 processe-

73 3363 131 3436 rat
154 3355 226 3416 inde
241 3355 366 3419 decreto
381 3360 510 3430 accepto
522 3353 657 3414 Lamiam
667 3352 765 3424 venit,
782 3355 931 3425 exceptus
943 3344 1056 3422 ingenti

73 3438 184 3502 lavore
198 3437 397 3504 multitudinis
413 3454 482 3499 cum
495 3437 657 3516 plausibus
670 3433 931 3512 clamoribusque,
945 3436 976 3492 et
991 3427 1055 3506 qui·
