2480 3904
239 225 355 286 LIBER
369 225 505 288 XXXVI.
528 225 610 287 CAP.
620 234 664 290 37.
676 235 720 290 38.
737 234 774 302 [a.
788 233 820 286 C.
834 234 895 302 191]
967 226 1029 291 253

132 379 281 440 XXXVII.
303 377 456 456 Principio
471 379 538 440 eius
553 379 634 454 anni,
649 395 711 455 qno
725 377 803 440 haec
818 379 878 440 iam
890 382 1030 456 proiecto

37 467 86 526 ad
102 465 216 526 bellum
230 461 281 522 Μ’.
295 462 411 537 Acilio,
432 469 574 524 manante
593 462 694 524 adlruc
707 463 824 525 Romae
838 464 870 522 P.
888 463 1030 527 Cornelio

38 549 178 610 consule
202 547 385 622 agebantur,
410 547 507 608 boves
533 545 612 608 duos
633 547 764 608 domitos
785 545 815 606 in
838 547 954 609 carinis
976 564 1032 626 per

41 633 151 693 scalas
172 629 354 706 pervenisse
368 630 398 691 in
412 631 532 706 tegulas
547 629 680 691 aedificii
693 630 848 706 proditum
865 632 1031 694 memoriae

38 725 102 778 est.
139 729 195 775 cns
208 714 299 776 vivos
314 712 452 775 comburi
473 715 667 790 cineremque
683 729 788 776 eorum
805 713 884 776 dcici
898 716 928 776 in
942 715 1030 778 Tibe·
1132 705 1138 716 '

45 799 101 860 im
117 797 303 874 haruspices
317 799 482 860 iusserunt.
508 797 689 859 Tarracinae
704 807 736 860 et
748 798 897 860 Amiterni
911 799 1030 860 nuntia-

39 891 107 944 tum
132 887 181 944 est
203 882 386 959 aliquotiens
404 880 558 958 lapidibus
573 883 726 960 pluvisse,
745 882 908 945 Minturnis
922 884 1030 944 aedem

40 967 130 1028 iovis
155 972 187 1027 et
207 966 349 1028 tabernas
371 966 564 1027 circatorum
580 967 620 1026 de
634 967 720 1028 caelo
736 975 832 1028 motas
847 983 934 1043 esse,
955 968 1028 1028 Vol·

41 1050 128 1111 turni
147 1048 179 1110 in
201 1051 280 1112 ostio
302 1050 435 1110 fluminis
456 1051 534 1111 duas
553 1066 649 1110 naves
670 1051 796 1111 fulmine
816 1052 892 1112 ictas
914 1050 1029 1112 confla·

39 1147 166 1210 grasse.
203 1150 309 1196 eorum
332 1133 543 1210 prodigiorum
568 1150 664 1195 causa
684 1133 780 1196 libros
802 1134 970 1212 Sibyllinos
990 1150 1029 1194 ex

42 1224 176 1279 senatus
192 1219 332 1280 consulto
344 1217 509 1280 decemviri
521 1234 590 1279 cum
602 1217 750 1294 adissent,
764 1219 1029 1279 renuntiaverunt=

43 1301 194 1362 ieiunium
214 1301 432 1364 instituendum
447 1303 548 1364 cereri
570 1317 657 1377 esse,
680 1307 711 1363 et
730 1303 762 1362 id
783 1303 888 1378 quinto
904 1316 1030 1378 quoque

19 1388 23 1394 “
43 1399 128 1446 anno
145 1385 348 1457 servandum
364 1393 394 1448 et
403 1394 437 1448 ut
447 1386 641 1448 novemdiale
652 1401 776 1446 sacrum
787 1387 882 1461 lieret,
894 1394 925 1447 et
934 1401 1028 1446 unum

41 1469 127 1528 diem
149 1469 333 1546 supplicatio
354 1478 453 1546 esset,
475 1469 613 1531 coronati
629 1471 854 1546 supplicarenu
877 1476 906 1531 et
921 1470 1029 1531 consul

40 1552 72 1610 P.
90 1552 263 1626 cornelius,
280 1553 392 1630 quibus
407 1553 467 1615 diis
483 1554 658 1631 quibusque
672 1552 781 1616 hostiis
791 1553 963 1615 edidissent
976 1554 1029 1614 de·

43 1635 182 1710 cemviri,
199 1637 395 1699 sacrificaret.
427 1637 556 1715 placatis
572 1638 631 1699 diis
646 1653 727 1698 nnnc
741 1639 821 1699 votis
836 1639 892 1698 rite
906 1640 1029 1698 solven-

38 1721 92 1780 dis
109 1736 194 1780 nnnc
211 1720 361 1797 prodigiis
375 1721 552 1798 expiandis,
575 1722 606 1780 in
620 1721 810 1797 provinciam
826 1720 1031 1796 proficiscitur

43 1805 174 1880 consul,
194 1810 287 1882 atque
307 1805 378 1866 inde
400 1806 452 1866 Cn.
472 1803 636 1866 Domitium
657 1806 876 1879 proconsulem
900 1804 1028 1865 dimisso

41 1885 186 1949 exercitu
199 1889 328 1950 Romam
343 1889 494 1950 decedere
508 1886 607 1949 iussit.
635 1886 748 1962 ipsein
763 1904 868 1962 agrum
883 1887 1029 1948 Boiorum

42 1971 187 2046 legiones
201 1971 330 2034 induxit.

129 2055 293 2122 XXXVIII.
310 2053 374 2117 Sub
385 2054 468 2116 idem
480 2056 545 2116 lere
556 2062 678 2131 tempus
689 2053 819 2130 Ligures
831 2054 899 2129 lege
911 2061 1030 2116 sacrata

43 2147 157 2202 coacto
172 2139 308 2202 exercitu
321 2147 412 2202 nocte
422 2138 590 2215 improviso
603 2147 705 2202 castro
718 2139 751 2214 Q.
763 2137 887 2198 Minucii
899 2154 1030 2214 procon-

43 2225 123 2293 sulis
134 2224 277 2301 adgressi
288 2229 369 2284 sunt.
390 2222 542 2284 Minucius
555 2239 655 2299 usque
667 2224 706 2283 ad
717 2224 816 2284 lucem
828 2222 906 2284 intra
917 2224 1031 2282 vallum

43 2309 170 2370 militem
191 2307 372 2370 instructum
385 2309 482 2368 tenuit
495 2309 644 2381 intentus,
671 2323 710 2368 ne
726 2324 787 2383 qua
800 2309 1032 2367 transcenderet

43 2391 150 2454 hostis
168 2393 362 2454 munimenta.
386 2389 483 2467 prima
503 2393 573 2451 lnce
593 2392 713 2451 duabus
736 2391 826 2451 simul
847 2391 944 2464 portis
962 2406 1029 2450 eru·

44 2477 183 2550 ptionem
195 2475 275 2538 lecit.
290 2490 348 2536 nec
360 2474 458 2551 primo
469 2475 593 2550 impetu,
607 2474 691 2550 quod
704 2480 890 2548 speraverat,
902 2473 1031 2547 Ligures

44 2559 130 2634 pulsi
151 2565 237 2631 sunt;
261 2559 339 2619 duas
361 2559 493 2634 amplius
513 2557 607 2618 horas
629 2556 754 2616 dubium
770 2562 922 2615 certamen
939 2555 1031 2614 susti-

44 2657 160 2704 nuerea
187 2649 345 2720 postremo
363 2658 432 2702 cnm
447 2641 506 2702 alia
520 2647 613 2715 atque
627 2639 686 2699 alia
701 2639 822 2715 agmina
837 2645 1032 2712 erumperent

44 2736 76 2808 ct
89 2726 201 2802 integri
216 2727 310 2788 lassis
326 2727 529 2788 succederent
542 2725 581 2786 ad
596 2737 740 2800 pugnam,
754 2721 877 2782 tandem
893 2721 1031 2796 Ligures,

45 2811 245 2878 intercalare
259 2811 350 2872 etiam
363 2809 475 2886 vigiliis
491 2807 631 2882 conlecti,
647 2815 733 2884 terga
747 2806 908 2868 dederunt.
940 2819 1031 2866 caesa

45 2911 144 2970 supra
160 2901 304 2970 quattuor
317 2892 400 2955 milia
417 2893 564 2966 hostinm3
587 2909 626 2953 ex
640 2891 787 2954 Romanis
805 2889 963 2968 sociisque
976 2889 1031 2950 mi·

45 2996 105 3039 nus
120 2979 249 3039 trecenti
264 2977 430 3054 perierunt.
452 2977 574 3039 dnobus
586 2979 650 3038 lere
661 2984 733 3052 post
744 2976 903 3038 mensibus
914 2976 943 3038 P.
957 2973 1031 3035 Cor·

45 3060 149 3124 nelias
172 3065 280 3124 consul
303 3078 372 3124 cum
385 3062 532 3124 Boiorum
548 3061 684 3122 exercitu
699 3062 796 3138 signis
811 3062 930 3122 collatis
944 3074 1030 3136 egre·

45 3145 96 3222 gie
117 3145 275 3224 pugnavit.
308 3145 532 3221 duodetriginta
551 3145 633 3206 milia
652 3144 786 3206 bostium
807 3145 911 3206 occisa
924 3143 1031 3204 Antias

46 3229 193 3294 Valerius
209 3228 329 3305 scribit,
352 3236 442 3306 capta
454 3229 512 3290 tria
526 3229 608 3289 milia
622 3237 653 3289 et
666 3229 923 3305 quadringentos,
945 3226 1032 3300 signa

47 3314 190 3376 militaria
210 3318 331 3376 centum
352 3313 458 3389 viginti
479 3319 637 3389 quattuor,
658 3328 759 3389 equos
780 3311 862 3371 mille
881 3311 1033 3370 ducentos

48 3397 186 3474 triginta,
203 3405 348 3474 carpenta
363 3399 494 3459 ducenta
510 3396 712 3474 quadraginta
727 3403 860 3471 septem,
884 3410 923 3454 ex
937 3393 1033 3454 ricto-

47 3482 135 3544 ribus
163 3483 244 3543 mille
265 3481 505 3558 quadringentos
531 3481 686 3558 octoginta
707 3486 850 3556 quattuor
872 3477 1035 3538 cecidisse.
