2482 3902
229 203 346 267 Licha
359 205 493 268 xxxiv.
517 207 599 268 cap,
612 217 654 272 13.
668 217 710 270 14.
734 215 815 284 [au.
829 213 891 287 195]
991 211 1052 278 lei

67 359 210 437 optastis,
226 356 319 432 venit,
334 375 397 434 quo
412 359 501 420 vobis
513 366 651 435 potestas
666 361 754 422 fieret
767 362 909 424 virtutem
920 372 1054 433 vestram

66 445 244 506 ostendere.
265 442 366 504 adhuc
380 443 573 518 praedonum
588 445 686 520 magis
703 461 796 521 quam
809 447 984 512 bellantium
999 451 1054 512 ml·

66 529 178 591 {itastis
193 543 295 588 morea
317 543 399 588 nunc
413 527 493 590 iusta
508 544 613 604 pugna
622 528 730 592 hostes
744 544 812 592 erun
827 531 969 594 hostibus
982 549 1055 596 con-

65 613 178 674 seretis
193 627 327 675 manum.
349 628 412 673 non
423 628 515 686 agros
526 612 599 676 inde
608 615 759 690 populari,
776 615 834 676 sed
844 616 964 677 urbium
977 633 1055 694 opes

64 695 233 758 exhaurire
252 695 364 758 licebit.
398 702 502 772 patres
516 697 629 772 nostri,
652 713 722 760 cum
735 699 885 775 Hispania
900 699 1054 778 Carthagi-

64 782 219 842 niensium
232 785 262 840 et
270 780 473 860 'imperatores
485 780 526 842 ibi
538 788 568 844 et
579 782 733 844 exercitus
746 783 929 860 essentipsl
940 788 1056 846 nullum

63 868 95 926 in
111 881 152 926 ca
168 865 293 947 militem
309 865 474 939 haberent,
495 873 596 928 tamen
612 867 727 927 addere
739 867 800 929 hoc
813 867 844 928 in
861 869 987 930 loedere
999 887 1054 931 vo-

63 953 204 1023 luerunt,
228 955 263 1010 ut
284 949 402 1026 imperii
426 949 474 1011 sui
493 950 600 1011 iberus
622 950 736 1012 fluvius
757 958 842 1014 essct
862 952 942 1014 linis.
973 971 1056 1016 nunc

66 1051 137 1097 cum
155 1033 218 1094 duo
235 1040 409 1108 praetores,
431 1049 501 1096 cum
516 1036 639 1106 consul,
663 1049 732 1096 cum
746 1042 810 1098 tres
826 1038 1053 1102 exercitualia

64 1117 150 1179 mani
164 1118 345 1194 Hispaniam
366 1117 536 1192 obtineant,
559 1118 851 1194 Carthaginiensium
872 1120 980 1182 decern
995 1122 1055 1182 iam

63 1218 170 1280 prope
190 1202 280 1264 annis
302 1217 392 1264 nemo
413 1203 445 1264 in
460 1202 508 1264 his
531 1203 698 1278 provinciis
713 1204 766 1279 sit,
788 1203 950 1279 imperium
965 1206 1054 1267 nobis

64 1289 144 1348 citra
158 1285 280 1348 iberum
296 1287 443 1349 amissum
459 1294 516 1348 est.
539 1287 599 1348 hoc
610 1287 703 1349 armis
715 1287 866 1350 elvirtute
876 1289 1056 1365 reciperetis

64 1378 201 1448 oportet,
217 1377 248 1432 et
261 1372 415 1432 nationem
428 1371 626 1433 rebellantem
640 1372 738 1448 magis
750 1378 865 1434 temere
878 1389 970 1449 quam
982 1389 1055 1434 con·

64 1463 185 1518 stanter
204 1456 369 1517 bellantem
390 1457 508 1532 iugum,
531 1473 592 1532 quo
614 1471 649 1516 se
667 1457 764 1532 exuit,
788 1455 931 1532 accipere
945 1474 1055 1520 rursus

66 1541 220 1617 cogatis.“
251 1541 282 1600 in
298 1539 381 1602 hunc
401 1541 525 1601 modum
540 1541 670 1600 maxime
685 1541 864 1603 adhortatus
879 1541 1056 1617 pronuntiat

64 1641 102 1686 se
117 1631 211 1687 nocte
225 1623 266 1684 ad
280 1630 382 1686 castra
395 1624 530 1686 hostium
544 1625 714 1687 ducturum.
744 1627 786 1686 ita
799 1626 840 1686 ad
855 1641 987 1702 corpora
1003 1641 1055 1687 cu-

63 1709 167 1770 randa
182 1708 313 1770 dimissi,
882 1776 887 1788 ‚

157 1793 238 1854 XIV.
261 1799 353 1855 nocte
373 1793 491 1867 media,
512 1809 581 1854 cum
604 1791 744 1868 auspicio
765 1809 892 1869 operam
907 1794 1055 1869 dedisset,

65 1879 238 1956 profectus,
254 1884 289 1939 ut
301 1879 403 1940 locum
419 1893 511 1952 quem
526 1877 627 1950 vellet,
643 1876 824 1952 priusquam
838 1877 946 1938 hostes
962 1877 1055 1938 senti-

65 1969 144 2039 rent,
158 1969 292 2038 caperet,
304 1967 426 2038 praeter
439 1969 541 2023 castra
551 1960 684 2022 hostium
697 1960 903 2036 circumducit,
916 1967 947 2021 et
957 1963 1057 2036 prima

66 2050 138 2108 luce
156 2047 223 2109 acie
238 2047 387 2110 instructa
403 2046 462 2108 suh
476 2045 579 2123 ipsum
594 2045 706 2108 vallum
720 2050 783 2106 tres
800 2043 943 2106 cohortes
959 2044 1058 2104 mittit.

67 2133 216 2192 mirantes
235 2130 360 2192 barbari
380 2130 419 2191 ab
439 2137 527 2206 tergo
547 2129 732 2206 apparuisse
745 2130 917 2191 Romanum
937 2127 1056 2190 discru-

66 2231 139 2277 rere
160 2215 221 2291 ipsi
242 2215 283 2278 ud
304 2230 397 2276 arma.
430 2215 551 2274 interim
566 2214 674 2276 consul
689 2215 771 2290 apud
787 2229 864 2276 suos
884 2229 1058 2290 „nusquam

67 2301 128 2360 nisi
143 2301 175 2360 in
190 2300 301 2360 virtute
316 2313 389 2375 spes
404 2305 460 2374 est,
475 2299 622 2370 militcs;“
637 2300 736 2375 inquit
750 2305 801 2374 „et
813 2314 871 2374 ego
883 2299 1002 2373 scdulo,
1018 2313 1058 2358 ne

68 2391 169 2458 esset,
185 2385 254 2444 leci.
288 2383 366 2451 inter
381 2389 483 2445 castra
496 2389 602 2444 nostra
616 2391 647 2444 et
660 2399 718 2444 nos
733 2383 825 2442 medii
841 2382 958 2456 hostes,
974 2389 1005 2442 et
1018 2381 1058 2440 ab

67 2475 158 2544 tergo
175 2469 311 2530 hostium
326 2470 400 2544 agei
414 2473 470 2529 est.
504 2467 588 2544 quod
602 2465 853 2542 pulcherrimum,
875 2464 957 2525 idem
972 2464 1057 2525 tutis-

69 2553 191 2630 simum,
203 2553 234 2612 in
247 2553 356 2614 virtute
368 2567 455 2628 spem
466 2552 599 2628 positam
605 2549 750 2610 habere.“
765 2547 907 2608 subhaec
915 2547 1057 2607 cohortes

67 2637 169 2713 recipi
188 2637 288 2712 iubet,
314 2642 348 2699 ul
366 2637 516 2698 barbaros
539 2634 732 2695 simulatione
753 2634 845 2706 fugae
865 2630 998 2692 eliceret.
1027 2629 1058 2689 id

70 2721 160 2797 quod
173 2721 347 2784 crediderat
361 2721 471 2784 evenit.
495 2717 690 2795 pertimuisse
705 2724 741 2800 et
750 2716 861 2777 cedere
874 2715 932 2776 rati
946 2715 1057 2776 Roma-

69 2821 130 2866 nos
147 2813 237 2881 porta
251 2811 423 2881 erumpunt,
439 2811 469 2864 et
484 2811 630 2880 quantum
643 2801 721 2864 inter
736 2805 837 2862 castra
852 2815 910 2861 sua
921 2805 951 2860 et
962 2799 1059 2860 aciem

69 2889 206 2952 hostium
219 2889 359 2950 relictum
374 2895 439 2950 erat
452 2889 527 2964 loci,
549 2887 672 2949 acuetis
687 2887 850 2961 complent.
880 2883 952 2945 dum
966 2883 1058 2959 trepi-

71 2974 148 3034 dant
171 2975 239 3036 acie
264 2973 459 3047 instruenda,
488 2972 598 3034 consul
622 2971 682 3031 iam
707 2970 821 3046 paratis
847 2967 1059 3043 ordinatisque

72 3059 216 3122 omnibus
227 3057 451 3134 incompositos
463 3057 647 3134 adgreditur.
668 3056 787 3131 equites
800 3053 914 3130 primos
926 3054 965 3113 ab
976 3059 1058 3113 utro·

72 3159 135 3218 que
161 3143 311 3204 cornuin
331 3157 466 3218 pugnam
487 3139 611 3202 inducit.
646 3140 703 3200 sed
724 3140 754 3198 in
775 3139 883 3205 dextro
905 3137 1059 3210 extemplo

71 3227 170 3302 pulsi,
192 3227 403 3304 cedentesque
417 3225 528 3302 trepidi
543 3225 632 3285 ctiam
648 3223 742 3300 pediti
757 3228 906 3284 terrorem
920 3219 1057 3280 intulere.

73 3310 160 3386 quod
180 3311 234 3372 ubi
255 3314 365 3372 consul
381 3310 469 3384 vidit,
491 3310 568 3369 duas
584 3308 728 3368 cohortes
744 3307 879 3366 delectas
896 3303 934 3362 ab
949 3303 1060 3362 dextro

71 3395 168 3456 latere
184 3394 320 3458 hostium
335 3393 522 3458 circumduci
536 3393 628 3465 iubet,
645 3397 676 3452 et
690 3391 728 3450 ab
740 3396 826 3464 tergo
838 3401 874 3448 se
885 3385 1059 3460 ostendere,

70 3479 254 3556 priusquam
271 3484 490 3542 concurrerent
504 3476 642 3554 peditum
654 3475 746 3535 acies.
769 3473 796 3532 is
810 3479 909 3532 terror
921 3469 1060 3531 obiectus
