2482 3900
169 221 212 284 74
310 221 424 281 55555
437 220 554 280 xxxu.
579 220 661 280 oxu.
677 229 720 282 55.
735 229 779 282 ao.
802 220 838 296 [5.
856 225 889 276 u.
905 243 928 276 5,
944 221 1007 296 555]
1070 277 1071 280 5

167 372 279 436 obvios
295 371 413 447 aliquot
432 371 633 443 laniaverant,
655 374 770 433 Romae
791 389 852 432 non
874 371 904 431 in
927 371 1032 432 urbem
1047 371 1149 432 solum

168 457 271 519 sedin
288 455 468 530 Capitolium
483 463 696 530 penetraverat
709 457 810 532 lupus.

253 539 284 600 0.
299 538 416 598 Acilius
431 539 571 599 tribunus
587 540 686 614 plebis
701 538 782 614 tulit,
802 547 836 600 ut
854 538 991 615 quiaque
1005 537 1149 600 coloniae

167 626 199 682 in
215 639 299 684 oram
314 621 492 682 maritimam
506 623 739 697 deducerentur,
754 624 833 683 duae
844 624 885 682 ad
896 623 976 684 ostia
986 621 1150 682 fluminum

169 705 309 767 Vulturni
329 704 519 780 Liternique,
542 722 602 766 una
620 707 779 780 Puteolos,
800 722 863 767 una
883 706 923 766 ad
942 712 1076 768 castrum
1091 705 1150 766 Sa-

168 789 255 850 lerni.
287 788 336 850 his
350 789 524 850 Buxentum
539 789 701 850 adlectum.
736 797 878 852 trecenae
893 788 1024 849 tamillae
1038 788 1068 848 in
1083 787 1150 848 sin-

165 875 255 949 gulas
267 871 405 934 colonias
420 872 601 932 iubebantur
614 872 698 934 mitti.
727 871 874 933 triumviri
888 871 1079 933 deducendis
1095 871 1148 944 iis,

166 956 221 1034 qui
242 973 298 1033 per
317 953 479 1016 triennium
499 955 706 1030 magistratum
723 955 883 1029 baberent,
905 954 999 1016 creati
1018 956 1058 1014 M.
1075 955 1150 1016 Ser·

167 1041 258 1101 vilius
286 1039 431 1100 Geminus
460 1037 670 1112 obtinueras
697 1039 845 1100 Thermus
869 1039 912 1098 si.
942 1037 1150 1114 Sempronius

167 1125 302 1200 Longus.

250 1205 368 1267 Dilecta
382 1207 539 1281 rebusque
554 1205 622 1267 aliis
638 1205 750 1268 divinis
764 1205 978 1282 humanisque,
994 1222 1073 1282 quae
1090 1224 1150 1282 per

167 1291 257 1368 ipsos
278 1291 398 1366 agenda
413 1298 514 1361 erant,
537 1290 683 1364 perfecus
705 1292 851 1352 eonsules
865 1291 956 1351 ambo
971 1290 1001 1350 in
1018 1289 1148 1350 Galliam

168 1373 313 1451 protecti,
336 1372 494 1433 Cornelius
508 1381 592 1434 reeta
606 1375 646 1432 ad
660 1375 805 1436 Insubres
821 1373 888 1446 via,
906 1372 959 1448 qui
976 1381 1036 1434 tum
1051 1372 1081 1432 iu
1097 1389 1148 1432 ar·

167 1458 225 1518 mis
241 1464 328 1517 erant
342 1455 524 1516 Cenomanis
539 1457 725 1531 adsumptis,
743 1456 937 1533 Q.Minucius
949 1455 980 1516 iu
990 1459 1149 1518 55555155-

168 1542 227 1601 liae
253 1541 293 1600 ad
317 1538 447 1598 interum
471 1554 555 1598 mare
581 1537 665 1599 flexit
689 1539 759 1614 iter,
786 1541 986 1616 Genuamque
1007 1539 1148 1602 exercitu

166 1627 279 1685 educto
294 1623 332 1682 ab
346 1621 509 1697 Liguribus
524 1637 615 1682 orsus
630 1622 742 1684 bellum
757 1632 814 1685 est.
837 1623 953 1699 oppido
967 1622 1149 1684 clastidium

165 1715 199 1768 55
211 1705 371 1779 Litubium,
386 1713 515 1780 udaque
529 1704 682 1780 Ligurum,
698 1716 728 1768 55
742 1709 821 1769 duae
836 1706 935 1784 gentis
947 1705 1087 1768 eiusdem
1104 1706 1148 1767 ci-

170 1791 286 1863 vitates,
302 1787 723 1866 Celeiatescerdeeiatesque,
740 1807 811 1850 sese
825 1789 1016 1851 dediderunt.
1039 1799 1070 1850 et
1084 1789 1148 1850 iarn

168 1869 271 1934 omnia
286 1871 331 1933 als
345 1871 475 1947 Padum,
490 1880 611 1948 praeter
626 1874 780 1935 Gallorum
793 1873 905 1944 Bolos,
927 1875 1039 1935 llvates
1052 1873 1149 1949 Ligu-

167 1972 242 2028 rum,
260 1956 317 2017 sub
333 1955 454 2017 dicione
469 1964 564 2017 erant.
597 1956 772 2032 quindecim
787 1956 913 2033 oppida,
928 1957 1085 2018 hominum
1101 1955 1148 2017 vi·

168 2039 242 2116 giuti
257 2038 339 2106 milia
354 2056 426 2100 esse
450 2039 630 2100 dicebantur
650 2057 730 2115 quae
751 2057 786 2102 se
807 2040 996 2102 dediderant.
1019 2040 1093 2101 iude
1113 2040 1148 2100 in

167 2141 274 2199 agrum
287 2121 432 2184 Botorum
448 2123 586 2198 legiones
601 2124 696 2184 duxit.
721 2126 812 2185 XXX.
827 2123 974 2186 Boiorum
988 2123 1147 2186 exercitus

167 2208 250 2268 baud
264 2205 306 2266 ita
320 2209 413 2267 multo
428 2213 499 2267 5555
513 2205 673 2268 traiecerat
686 2209 809 2280 Padum,
828 2207 1031 2284 iunxeratque
1046 2223 1081 2268 se
1096 2209 1147 2267 Iu-

167 2289 312 2350 subribus
328 2298 358 2350 et
370 2289 567 2363 cenomanis,
588 2292 673 2366 quod
692 2291 734 2352 ita
748 2301 947 2368 acceperant,
969 2290 1147 2353 coniunctis

167 2372 340 2448 legionibus
361 2375 506 2436 eonsules
526 2391 591 2435 rem
611 2381 768 2450 gesturos,
789 2382 822 2435 ut
841 2384 873 2436 et
892 2374 953 2451 ipsi
966 2376 1098 2436 collatas
1112 2373 1147 2434 in

167 2475 261 2518 unum
280 2455 362 2517 vires
384 2459 546 2520 firmarent.
588 2465 755 2535 postquam
774 2459 855 2518 faura
879 2458 991 2519 accidit
1013 2459 1147 2520 alterium

164 2542 326 2602 consulem
336 2541 483 2602 Boiorum
497 2557 585 2603 urere
596 2557 697 2617 agros,
714 2541 824 2603 seditio
837 2542 991 2618 extemplo
1006 2550 1074 2602 orta
1086 2549 1146 2602 est.

165 2626 324 2702 postulare
347 2624 430 2700 Boii,
455 2625 714 2687 allaborantibus
736 2641 827 2702 opem
851 2624 988 2686 universi
1012 2627 1147 2686 terrente

166 2711 311 2770 insubres
331 2725 445 2783 negare
465 2726 500 2770 se
521 2726 578 2770 sua
598 2709 786 2770 deserturos.
826 2709 868 2770 ita
889 2708 1007 2770 divIsae
1022 2707 1144 2782 copiae,

167 2791 314 2865 Boiisque
328 2791 358 2849 in
370 2807 476 2866 agmm
488 2809 576 2852 suum
588 2793 746 2853 tutandum
757 2793 903 2868 proiectis
915 2793 1059 2854 Insubres
1073 2807 1146 2851 cum

165 2873 350 2934 Cenomanis
366 2891 461 2950 super
475 2874 573 2934 amnis
587 2875 692 2935 Mincii
706 2875 804 2952 ripam
820 2877 1035 2940 consederunt.
1064 2875 1146 2934 inlra

164 2973 236 3017 eum
251 2957 352 3017 locum
373 2957 434 3018 duo
455 2958 536 3019 milia
556 2967 587 3019 et
607 2961 717 3020 consul
732 2959 890 3022 Cornelius
909 2959 1010 3020 eidem
1024 2957 1143 3018 llumini

166 3047 268 3100 castra
288 3039 445 3115 applicuit.
487 3041 558 3103 Inde
578 3042 723 3104 mittendo
744 3043 775 3103 in
796 3042 882 3106 vicos
898 3043 1144 3104 Cenomanorum

165 3121 371 3200 Brixiamque,
389 3127 472 3201 quod
486 3134 577 3201 caput
588 3127 687 3202 gentis
699 3137 771 3200 erat,
787 3135 821 3188 ut
831 3127 906 3189 satis
917 3125 1067 3203 comperit
1080 3143 1144 3189 non

164 3223 207 3268 ex
227 3207 407 3270 auctoritate
428 3207 583 3270 seniorum
603 3209 791 3274 iuventutern
810 3209 842 3270 in
862 3210 955 3271 armis
969 3227 1057 3282 esse,
1085 3226 1143 3271 555

166 3291 290 3367 publico
307 3291 435 3354 consilio
450 3293 611 3368 Insubrum
623 3295 786 3356 defectioni
799 3294 991 3356 Cenomanos
1003 3309 1078 3354 sese
1088 3295 1142 3354 ad·

164 3373 314 3449 inansse,
329 3375 438 3438 excitis
453 3377 494 3436 ad
509 3394 542 3439 se
557 3377 747 3454 principibus
763 3378 792 3438 id
805 3392 898 3454 agere
909 3393 946 3437 55
957 3375 1058 3438 moliri
1070 3393 1141 3438 coe·

164 3455 223 3532 pil,
249 3467 283 3518 ut
303 3459 513 3522 desciscerent
532 3463 570 3522 ab
592 3461 771 3524 Insubribus
792 3460 973 3536 Cenomani,
999 3468 1029 3522 et
1042 3458 1141 3536 signis
