<?xml version="1.0" encoding="UTF-8"?>
<!DOCTYPE html PUBLIC "-//W3C//DTD XHTML 1.0 Transitional//EN"
    "http://www.w3.org/TR/xhtml1/DTD/xhtml1-transitional.dtd">
<html xmlns="http://www.w3.org/1999/xhtml" xml:lang="en" lang="en">
 <head>
  <title>
</title>
<meta http-equiv="Content-Type" content="text/html;charset=utf-8" />
  <meta name='ocr-system' content='tesseract 3.04.00' />
  <meta name='ocr-capabilities' content='ocr_page ocr_carea ocr_par ocr_line ocrx_word'/>
</head>
<body>
  <div class='ocr_page' id='page_1' title='image "./titiliviaburbec08livygoog_0193.png"; bbox 0 0 2482 3902; ppageno 0'>
   <div class='ocr_carea' id='block_1_1' title="bbox 196 200 1030 278">
    <p class='ocr_par' dir='ltr' id='par_1_1' title="bbox 196 200 1030 278">
     <span class='ocr_line' id='line_1_1' title="bbox 196 200 1030 278; baseline -0.013 -6"><span class='ocrx_word' id='word_1_1' title='bbox 196 207 259 274; x_wconf 81' lang='lat' dir='ltr'>tot</span> <span class='ocrx_word' id='word_1_2' title='bbox 334 202 595 266; x_wconf 80' lang='lat' dir='ltr'>nmaaxxxrv.</span> <span class='ocrx_word' id='word_1_3' title='bbox 619 201 813 264; x_wconf 74' lang='lat' dir='ltr'>canno</span> <span class='ocrx_word' id='word_1_4' title='bbox 836 200 1030 278; x_wconf 55' lang='lat' dir='ltr'>terassa]</span> 
     </span>
    </p>
   </div>
   <div class='ocr_carea' id='block_1_2' title="bbox 193 351 1178 1268">
    <p class='ocr_par' dir='ltr' id='par_1_2' title="bbox 193 351 1178 1268">
     <span class='ocr_line' id='line_1_2' title="bbox 194 351 1177 434; baseline -0.01 -9"><span class='ocrx_word' id='word_1_5' title='bbox 194 363 270 424; x_wconf 88' lang='lat' dir='ltr'>riam</span> <span class='ocrx_word' id='word_1_6' title='bbox 281 360 453 434; x_wconf 82' lang='lat' dir='ltr'>irruperant</span> <span class='ocrx_word' id='word_1_7' title='bbox 461 355 547 429; x_wconf 85' lang='lat' dir='ltr'>Galli,</span> <span class='ocrx_word' id='word_1_8' title='bbox 558 353 794 428; x_wconf 76' lang='lat' dir='ltr'>resistentisque</span> <span class='ocrx_word' id='word_1_9' title='bbox 807 351 1177 430; x_wconf 85' lang='lat' dir='ltr'>pertinaciusocciderant</span> 
     </span>
     <span class='ocr_line' id='line_1_3' title="bbox 193 435 1177 515; baseline -0.011 -8"><span class='ocrx_word' id='word_1_10' title='bbox 193 447 227 506; x_wconf 90' lang='lat' dir='ltr'>L.</span> <span class='ocrx_word' id='word_1_11' title='bbox 243 442 430 506; x_wconf 83' lang='lat' dir='ltr'>Postumium</span> <span class='ocrx_word' id='word_1_12' title='bbox 452 444 663 514; x_wconf 81' lang='lat' dir='ltr'>quaestorem,</span> <span class='ocrx_word' id='word_1_13' title='bbox 686 437 735 498; x_wconf 90' lang='lat' dir='ltr'>cui</span> <span class='ocrx_word' id='word_1_14' title='bbox 748 437 910 515; x_wconf 60' lang='lat' dir='ltr'>impono</span> <span class='ocrx_word' id='word_1_15' title='bbox 925 435 981 496; x_wconf 87' lang='lat' dir='ltr'>luit</span> <span class='ocrx_word' id='word_1_16' title='bbox 994 450 1177 511; x_wconf 80' lang='lat' dir='ltr'>cognomen,</span> 
     </span>
     <span class='ocr_line' id='line_1_4' title="bbox 194 518 1178 597; baseline -0.009 -6"><span class='ocrx_word' id='word_1_17' title='bbox 194 537 225 590; x_wconf 88' lang='lat' dir='ltr'>et</span> <span class='ocrx_word' id='word_1_18' title='bbox 244 527 285 588; x_wconf 83' lang='grc' dir='ltr'>Μ.</span> <span class='ocrx_word' id='word_1_19' title='bbox 299 525 435 586; x_wconf 86' lang='lat' dir='ltr'>Atinium</span> <span class='ocrx_word' id='word_1_20' title='bbox 456 529 486 582; x_wconf 87' lang='lat' dir='ltr'>et</span> <span class='ocrx_word' id='word_1_21' title='bbox 504 521 537 581; x_wconf 89' lang='lat' dir='ltr'>P.</span> <span class='ocrx_word' id='word_1_22' title='bbox 553 521 771 597; x_wconf 86' lang='lat' dir='ltr'>Sempronium</span> <span class='ocrx_word' id='word_1_23' title='bbox 790 521 967 596; x_wconf 76' lang='lat' dir='ltr'>praefectos</span> <span class='ocrx_word' id='word_1_24' title='bbox 989 518 1127 594; x_wconf 88' lang='lat' dir='ltr'>socium,</span> <span class='ocrx_word' id='word_1_25' title='bbox 1149 528 1178 582; x_wconf 85' lang='lat' dir='ltr'>et</span> 
     </span>
     <span class='ocr_line' id='line_1_5' title="bbox 195 603 1176 680; baseline -0.01 -8"><span class='ocrx_word' id='word_1_26' title='bbox 195 613 345 672; x_wconf 89' lang='lat' dir='ltr'>ducentos</span> <span class='ocrx_word' id='word_1_27' title='bbox 366 609 462 667; x_wconf 84' lang='lat' dir='ltr'>terme</span> <span class='ocrx_word' id='word_1_28' title='bbox 482 605 602 665; x_wconf 81' lang='lat' dir='ltr'>militas.</span> <span class='ocrx_word' id='word_1_29' title='bbox 634 612 725 680; x_wconf 86' lang='lat' dir='ltr'>capta</span> <span class='ocrx_word' id='word_1_30' title='bbox 744 603 783 664; x_wconf 79' lang='lat' dir='ltr'>ab</span> <span class='ocrx_word' id='word_1_31' title='bbox 803 620 842 666; x_wconf 85' lang='lat' dir='ltr'>ea</span> <span class='ocrx_word' id='word_1_32' title='bbox 861 611 950 680; x_wconf 85' lang='lat' dir='ltr'>parta</span> <span class='ocrx_word' id='word_1_33' title='bbox 963 609 1067 666; x_wconf 84' lang='lat' dir='ltr'>castra</span> <span class='ocrx_word' id='word_1_34' title='bbox 1081 612 1176 676; x_wconf 85' lang='lat' dir='ltr'>erant,</span> 
     </span>
     <span class='ocr_line' id='line_1_6' title="bbox 195 688 1176 762; baseline -0.009 -6"><span class='ocrx_word' id='word_1_35' title='bbox 195 697 294 756; x_wconf 87' lang='lat' dir='ltr'>donec</span> <span class='ocrx_word' id='word_1_36' title='bbox 309 691 422 754; x_wconf 83' lang='lat' dir='ltr'>cohors</span> <span class='ocrx_word' id='word_1_37' title='bbox 436 688 686 762; x_wconf 84' lang='lat' dir='ltr'>extraordinaria,</span> <span class='ocrx_word' id='word_1_38' title='bbox 701 689 798 748; x_wconf 88' lang='lat' dir='ltr'>missa</span> <span class='ocrx_word' id='word_1_39' title='bbox 808 705 827 748; x_wconf 89' lang='lat' dir='ltr'>a</span> <span class='ocrx_word' id='word_1_40' title='bbox 837 688 1018 750; x_wconf 82' lang='lat' dir='ltr'>consulead</span> <span class='ocrx_word' id='word_1_41' title='bbox 1031 688 1176 749; x_wconf 79' lang='lat' dir='ltr'>urendam</span> 
     </span>
     <span class='ocr_line' id='line_1_7' title="bbox 195 771 1177 855; baseline -0.009 -14"><span class='ocrx_word' id='word_1_42' title='bbox 195 777 401 855; x_wconf 80' lang='lat' dir='ltr'>quaestoriam</span> <span class='ocrx_word' id='word_1_43' title='bbox 418 781 546 850; x_wconf 88' lang='lat' dir='ltr'>portam,</span> <span class='ocrx_word' id='word_1_44' title='bbox 563 780 594 833; x_wconf 90' lang='lat' dir='ltr'>et</span> <span class='ocrx_word' id='word_1_45' title='bbox 607 788 663 832; x_wconf 88' lang='lat' dir='ltr'>eos</span> <span class='ocrx_word' id='word_1_46' title='bbox 679 773 731 848; x_wconf 92' lang='lat' dir='ltr'>qui</span> <span class='ocrx_word' id='word_1_47' title='bbox 745 771 824 834; x_wconf 83' lang='lat' dir='ltr'>intra</span> <span class='ocrx_word' id='word_1_48' title='bbox 839 774 951 834; x_wconf 79' lang='lat' dir='ltr'>vallum</span> <span class='ocrx_word' id='word_1_49' title='bbox 966 779 1054 834; x_wconf 87' lang='lat' dir='ltr'>eraut</span> <span class='ocrx_word' id='word_1_50' title='bbox 1067 773 1177 848; x_wconf 83' lang='lat' dir='ltr'>purtim</span> 
     </span>
     <span class='ocr_line' id='line_1_8' title="bbox 195 855 1175 936; baseline -0.01 -11"><span class='ocrx_word' id='word_1_51' title='bbox 195 862 307 926; x_wconf 89' lang='lat' dir='ltr'>occidit</span> <span class='ocrx_word' id='word_1_52' title='bbox 325 859 436 936; x_wconf 89' lang='lat' dir='ltr'>partim</span> <span class='ocrx_word' id='word_1_53' title='bbox 457 857 574 934; x_wconf 85' lang='lat' dir='ltr'>expulit</span> <span class='ocrx_word' id='word_1_54' title='bbox 595 856 719 930; x_wconf 87' lang='lat' dir='ltr'>castris,</span> <span class='ocrx_word' id='word_1_55' title='bbox 741 864 771 917; x_wconf 91' lang='lat' dir='ltr'>et</span> <span class='ocrx_word' id='word_1_56' title='bbox 791 855 1032 932; x_wconf 79' lang='lat' dir='ltr'>irrumpentibus</span> <span class='ocrx_word' id='word_1_57' title='bbox 1052 857 1175 918; x_wconf 82' lang='lat' dir='ltr'>obstitit</span> 
     </span>
     <span class='ocr_line' id='line_1_9' title="bbox 195 939 1177 1017; baseline -0.006 -9"><span class='ocrx_word' id='word_1_58' title='bbox 195 945 306 1009; x_wconf 88' lang='lat' dir='ltr'>eodem</span> <span class='ocrx_word' id='word_1_59' title='bbox 326 943 391 1004; x_wconf 88' lang='lat' dir='ltr'>lere</span> <span class='ocrx_word' id='word_1_60' title='bbox 404 949 544 1017; x_wconf 85' lang='lat' dir='ltr'>tempore</span> <span class='ocrx_word' id='word_1_61' title='bbox 559 945 590 1000; x_wconf 89' lang='lat' dir='ltr'>et</span> <span class='ocrx_word' id='word_1_62' title='bbox 603 946 715 1015; x_wconf 87' lang='lat' dir='ltr'>quarta</span> <span class='ocrx_word' id='word_1_63' title='bbox 725 940 805 1015; x_wconf 80' lang='lat' dir='ltr'>legio</span> <span class='ocrx_word' id='word_1_64' title='bbox 821 955 890 1002; x_wconf 87' lang='lat' dir='ltr'>cum</span> <span class='ocrx_word' id='word_1_65' title='bbox 905 939 1025 1001; x_wconf 89' lang='lat' dir='ltr'>duabus</span> <span class='ocrx_word' id='word_1_66' title='bbox 1041 947 1177 1002; x_wconf 84' lang='lat' dir='ltr'>extraor-</span> 
     </span>
     <span class='ocr_line' id='line_1_10' title="bbox 194 1022 1178 1100; baseline -0.007 -9"><span class='ocrx_word' id='word_1_67' title='bbox 194 1029 321 1091; x_wconf 85' lang='lat' dir='ltr'>dinariis</span> <span class='ocrx_word' id='word_1_68' title='bbox 346 1025 524 1089; x_wconf 81' lang='lat' dir='ltr'>cohortibus</span> <span class='ocrx_word' id='word_1_69' title='bbox 550 1031 640 1100; x_wconf 88' lang='lat' dir='ltr'>porta</span> <span class='ocrx_word' id='word_1_70' title='bbox 663 1023 771 1100; x_wconf 80' lang='lat' dir='ltr'>erupit.</span> <span class='ocrx_word' id='word_1_71' title='bbox 803 1025 846 1084; x_wconf 88' lang='lat' dir='ltr'>ita</span> <span class='ocrx_word' id='word_1_72' title='bbox 866 1022 956 1085; x_wconf 88' lang='lat' dir='ltr'>simul</span> <span class='ocrx_word' id='word_1_73' title='bbox 981 1024 1039 1084; x_wconf 81' lang='lat' dir='ltr'>tria</span> <span class='ocrx_word' id='word_1_74' title='bbox 1059 1025 1178 1100; x_wconf 84' lang='lat' dir='ltr'>proclia</span> 
     </span>
     <span class='ocr_line' id='line_1_11' title="bbox 195 1108 1178 1184; baseline -0.007 -9"><span class='ocrx_word' id='word_1_75' title='bbox 195 1114 278 1175; x_wconf 86' lang='lat' dir='ltr'>circa</span> <span class='ocrx_word' id='word_1_76' title='bbox 298 1120 399 1173; x_wconf 85' lang='lat' dir='ltr'>castra</span> <span class='ocrx_word' id='word_1_77' title='bbox 413 1110 492 1174; x_wconf 88' lang='lat' dir='ltr'>locis</span> <span class='ocrx_word' id='word_1_78' title='bbox 507 1108 692 1170; x_wconf 76' lang='lat' dir='ltr'>distmtibus</span> <span class='ocrx_word' id='word_1_79' title='bbox 707 1115 808 1182; x_wconf 67' lang='lat' dir='ltr'>mant,</span> <span class='ocrx_word' id='word_1_80' title='bbox 830 1109 1047 1184; x_wconf 84' lang='lat' dir='ltr'>clamoresque</span> <span class='ocrx_word' id='word_1_81' title='bbox 1058 1108 1178 1168; x_wconf 75' lang='lat' dir='ltr'>dissoni</span> 
     </span>
     <span class='ocr_line' id='line_1_12' title="bbox 195 1192 1178 1268; baseline -0.006 -10"><span class='ocrx_word' id='word_1_82' title='bbox 195 1199 234 1259; x_wconf 93' lang='lat' dir='ltr'>ad</span> <span class='ocrx_word' id='word_1_83' title='bbox 249 1199 384 1258; x_wconf 86' lang='lat' dir='ltr'>incertos</span> <span class='ocrx_word' id='word_1_84' title='bbox 399 1209 527 1256; x_wconf 88' lang='lat' dir='ltr'>suorum</span> <span class='ocrx_word' id='word_1_85' title='bbox 542 1199 670 1253; x_wconf 83' lang='lat' dir='ltr'>eventus</span> <span class='ocrx_word' id='word_1_86' title='bbox 681 1208 701 1252; x_wconf 86' lang='lat' dir='ltr'>a</span> <span class='ocrx_word' id='word_1_87' title='bbox 714 1192 870 1268; x_wconf 78' lang='lat' dir='ltr'>praesenti</span> <span class='ocrx_word' id='word_1_88' title='bbox 882 1193 1047 1253; x_wconf 86' lang='lat' dir='ltr'>certamine</span> <span class='ocrx_word' id='word_1_89' title='bbox 1058 1193 1178 1254; x_wconf 83' lang='lat' dir='ltr'>animas</span> 
     </span>
    </p>
   </div>
   <div class='ocr_carea' id='block_1_3' title="bbox 194 1275 1236 1441">
    <p class='ocr_par' dir='ltr' id='par_1_3' title="bbox 194 1275 1236 1441">
     <span class='ocr_line' id='line_1_13' title="bbox 195 1275 1236 1359; baseline -0.014 -14"><span class='ocrx_word' id='word_1_90' title='bbox 195 1283 395 1359; x_wconf 77' lang='lat' dir='ltr'>pugnantium</span> <span class='ocrx_word' id='word_1_91' title='bbox 415 1277 602 1339; x_wconf 81' lang='lat' dir='ltr'>avertebant</span> <span class='ocrx_word' id='word_1_92' title='bbox 634 1291 736 1352; x_wconf 87' lang='lat' dir='ltr'>usque</span> <span class='ocrx_word' id='word_1_93' title='bbox 756 1275 797 1335; x_wconf 88' lang='lat' dir='ltr'>ad</span> <span class='ocrx_word' id='word_1_94' title='bbox 810 1275 969 1336; x_wconf 90' lang='lat' dir='ltr'>meridiem</span> <span class='ocrx_word' id='word_1_95' title='bbox 983 1275 1178 1352; x_wconf 58' lang='lat' dir='ltr'>aequsssviri·</span> <span class='ocrx_word' id='word_1_96' title='bbox 1235 1333 1236 1336; x_wconf 63' lang='grc'>,</span> 
     </span>
     <span class='ocr_line' id='line_1_14' title="bbox 194 1359 1236 1441; baseline -0.008 -13"><span class='ocrx_word' id='word_1_97' title='bbox 194 1367 254 1428; x_wconf 91' lang='lat' dir='ltr'>bus</span> <span class='ocrx_word' id='word_1_98' title='bbox 268 1380 304 1426; x_wconf 88' lang='lat' dir='ltr'>ac</span> <span class='ocrx_word' id='word_1_99' title='bbox 319 1379 419 1441; x_wconf 88' lang='lat' dir='ltr'>prope</span> <span class='ocrx_word' id='word_1_100' title='bbox 432 1363 501 1438; x_wconf 90' lang='lat' dir='ltr'>pari</span> <span class='ocrx_word' id='word_1_101' title='bbox 515 1377 573 1437; x_wconf 89' lang='lat' dir='ltr'>spe</span> <span class='ocrx_word' id='word_1_102' title='bbox 587 1368 753 1436; x_wconf 75' lang='lat' dir='ltr'>pugnatum</span> <span class='ocrx_word' id='word_1_103' title='bbox 764 1367 820 1420; x_wconf 86' lang='lat' dir='ltr'>est.</span> <span class='ocrx_word' id='word_1_104' title='bbox 843 1359 932 1421; x_wconf 84' lang='lat' dir='ltr'>labor</span> <span class='ocrx_word' id='word_1_105' title='bbox 942 1368 972 1422; x_wconf 89' lang='lat' dir='ltr'>et</span> <span class='ocrx_word' id='word_1_106' title='bbox 983 1367 1093 1421; x_wconf 80' lang='lat' dir='ltr'>aestus</span> <span class='ocrx_word' id='word_1_107' title='bbox 1101 1361 1177 1421; x_wconf 86' lang='lat' dir='ltr'>mol-</span> <span class='ocrx_word' id='word_1_108' title='bbox 1235 1417 1236 1420; x_wconf 74' lang='grc'>,</span> 
     </span>
    </p>
   </div>
   <div class='ocr_carea' id='block_1_4' title="bbox 193 1442 1178 2194">
    <p class='ocr_par' dir='ltr' id='par_1_4' title="bbox 193 1442 1178 2194">
     <span class='ocr_line' id='line_1_15' title="bbox 193 1442 1175 1522; baseline -0.005 -12"><span class='ocrx_word' id='word_1_109' title='bbox 193 1451 235 1510; x_wconf 89' lang='lat' dir='ltr'>lia</span> <span class='ocrx_word' id='word_1_110' title='bbox 249 1456 280 1510; x_wconf 87' lang='lat' dir='ltr'>et</span> <span class='ocrx_word' id='word_1_111' title='bbox 293 1447 389 1510; x_wconf 88' lang='lat' dir='ltr'>liuida</span> <span class='ocrx_word' id='word_1_112' title='bbox 410 1462 544 1522; x_wconf 90' lang='lat' dir='ltr'>corpora</span> <span class='ocrx_word' id='word_1_113' title='bbox 564 1445 732 1518; x_wconf 88' lang='lat' dir='ltr'>Gallortun,</span> <span class='ocrx_word' id='word_1_114' title='bbox 755 1450 786 1504; x_wconf 87' lang='lat' dir='ltr'>et</span> <span class='ocrx_word' id='word_1_115' title='bbox 805 1444 928 1505; x_wconf 85' lang='lat' dir='ltr'>minime</span> <span class='ocrx_word' id='word_1_116' title='bbox 941 1442 1175 1519; x_wconf 85' lang='lat' dir='ltr'>patientiasitis,</span> 
     </span>
     <span class='ocr_line' id='line_1_16' title="bbox 195 1528 1177 1606; baseline -0.004 -13"><span class='ocrx_word' id='word_1_117' title='bbox 195 1549 265 1594; x_wconf 89' lang='lat' dir='ltr'>cum</span> <span class='ocrx_word' id='word_1_118' title='bbox 287 1533 439 1592; x_wconf 79' lang='lat' dir='ltr'>decedere</span> <span class='ocrx_word' id='word_1_119' title='bbox 458 1545 564 1606; x_wconf 76' lang='lat' dir='ltr'>pugna</span> <span class='ocrx_word' id='word_1_120' title='bbox 584 1528 753 1603; x_wconf 81' lang='lat' dir='ltr'>coegisset,</span> <span class='ocrx_word' id='word_1_121' title='bbox 774 1528 805 1587; x_wconf 91' lang='lat' dir='ltr'>in</span> <span class='ocrx_word' id='word_1_122' title='bbox 821 1543 940 1604; x_wconf 87' lang='lat' dir='ltr'>paucos</span> <span class='ocrx_word' id='word_1_123' title='bbox 955 1529 1098 1590; x_wconf 81' lang='lat' dir='ltr'>restantis</span> <span class='ocrx_word' id='word_1_124' title='bbox 1123 1531 1177 1589; x_wconf 74' lang='lat' dir='ltr'>im-</span> 
     </span>
     <span class='ocr_line' id='line_1_17' title="bbox 195 1612 1177 1694; baseline 0 -17"><span class='ocrx_word' id='word_1_125' title='bbox 195 1624 298 1694; x_wconf 89' lang='lat' dir='ltr'>petum</span> <span class='ocrx_word' id='word_1_126' title='bbox 311 1615 440 1676; x_wconf 87' lang='lat' dir='ltr'>Romani</span> <span class='ocrx_word' id='word_1_127' title='bbox 455 1616 601 1685; x_wconf 86' lang='lat' dir='ltr'>lecerunt,</span> <span class='ocrx_word' id='word_1_128' title='bbox 617 1613 769 1688; x_wconf 82' lang='lat' dir='ltr'>lusasque</span> <span class='ocrx_word' id='word_1_129' title='bbox 784 1615 999 1689; x_wconf 88' lang='lat' dir='ltr'>compulerunt</span> <span class='ocrx_word' id='word_1_130' title='bbox 1010 1612 1042 1674; x_wconf 87' lang='lat' dir='ltr'>in</span> <span class='ocrx_word' id='word_1_131' title='bbox 1059 1619 1177 1676; x_wconf 87' lang='lat' dir='ltr'>castra:</span> 
     </span>
     <span class='ocr_line' id='line_1_18' title="bbox 194 1696 1177 1774; baseline -0.002 -16"><span class='ocrx_word' id='word_1_132' title='bbox 194 1700 316 1774; x_wconf 78' lang='lat' dir='ltr'>signum</span> <span class='ocrx_word' id='word_1_133' title='bbox 330 1699 402 1758; x_wconf 92' lang='lat' dir='ltr'>inde</span> <span class='ocrx_word' id='word_1_134' title='bbox 416 1697 552 1774; x_wconf 86' lang='lat' dir='ltr'>receptui</span> <span class='ocrx_word' id='word_1_135' title='bbox 566 1697 606 1757; x_wconf 88' lang='lat' dir='ltr'>ab</span> <span class='ocrx_word' id='word_1_136' title='bbox 618 1697 747 1759; x_wconf 86' lang='lat' dir='ltr'>consule</span> <span class='ocrx_word' id='word_1_137' title='bbox 758 1696 861 1758; x_wconf 88' lang='lat' dir='ltr'>datum</span> <span class='ocrx_word' id='word_1_138' title='bbox 872 1705 937 1768; x_wconf 83' lang='lat' dir='ltr'>est;</span> <span class='ocrx_word' id='word_1_139' title='bbox 956 1698 997 1758; x_wconf 90' lang='lat' dir='ltr'>ad</span> <span class='ocrx_word' id='word_1_140' title='bbox 1008 1697 1095 1773; x_wconf 83' lang='lat' dir='ltr'>qood</span> <span class='ocrx_word' id='word_1_141' title='bbox 1105 1713 1177 1774; x_wconf 78' lang='lat' dir='ltr'>psrs</span> 
     </span>
     <span class='ocr_line' id='line_1_19' title="bbox 194 1779 1177 1858; baseline 0.001 -16"><span class='ocrx_word' id='word_1_142' title='bbox 194 1783 291 1844; x_wconf 89' lang='lat' dir='ltr'>maior</span> <span class='ocrx_word' id='word_1_143' title='bbox 304 1789 488 1857; x_wconf 86' lang='lat' dir='ltr'>receperunt</span> <span class='ocrx_word' id='word_1_144' title='bbox 502 1797 589 1854; x_wconf 84' lang='lat' dir='ltr'>sose,</span> <span class='ocrx_word' id='word_1_145' title='bbox 605 1798 681 1858; x_wconf 88' lang='lat' dir='ltr'>pars</span> <span class='ocrx_word' id='word_1_146' title='bbox 695 1781 868 1842; x_wconf 81' lang='lat' dir='ltr'>certaminis</span> <span class='ocrx_word' id='word_1_147' title='bbox 883 1779 986 1844; x_wconf 68' lang='lat' dir='ltr'>mudlu</span> <span class='ocrx_word' id='word_1_148' title='bbox 1002 1790 1033 1844; x_wconf 88' lang='lat' dir='ltr'>et</span> <span class='ocrx_word' id='word_1_149' title='bbox 1047 1797 1111 1857; x_wconf 82' lang='lat' dir='ltr'>spe</span> <span class='ocrx_word' id='word_1_150' title='bbox 1122 1799 1177 1858; x_wconf 71' lang='lat' dir='ltr'>po</span> 
     </span>
     <span class='ocr_line' id='line_1_20' title="bbox 194 1865 1178 1942; baseline 0.002 -18"><span class='ocrx_word' id='word_1_151' title='bbox 194 1867 289 1928; x_wconf 87' lang='lat' dir='ltr'>tiundi</span> <span class='ocrx_word' id='word_1_152' title='bbox 312 1867 420 1928; x_wconf 86' lang='lat' dir='ltr'>castris</span> <span class='ocrx_word' id='word_1_153' title='bbox 440 1865 573 1928; x_wconf 85' lang='lat' dir='ltr'>hostium</span> <span class='ocrx_word' id='word_1_154' title='bbox 593 1865 725 1941; x_wconf 86' lang='lat' dir='ltr'>perstitit</span> <span class='ocrx_word' id='word_1_155' title='bbox 745 1865 784 1926; x_wconf 89' lang='lat' dir='ltr'>ad</span> <span class='ocrx_word' id='word_1_156' title='bbox 799 1866 920 1927; x_wconf 86' lang='lat' dir='ltr'>vallum.</span> <span class='ocrx_word' id='word_1_157' title='bbox 950 1881 1056 1927; x_wconf 86' lang='lat' dir='ltr'>eorum</span> <span class='ocrx_word' id='word_1_158' title='bbox 1071 1866 1178 1942; x_wconf 58' lang='lat' dir='ltr'>pauci*</span> 
     </span>
     <span class='ocr_line' id='line_1_21' title="bbox 193 1948 1176 2027; baseline -0.002 -15"><span class='ocrx_word' id='word_1_159' title='bbox 193 1958 255 2012; x_wconf 88' lang='lat' dir='ltr'>tate</span> <span class='ocrx_word' id='word_1_160' title='bbox 277 1957 449 2026; x_wconf 88' lang='lat' dir='ltr'>contempta</span> <span class='ocrx_word' id='word_1_161' title='bbox 470 1950 546 2010; x_wconf 86' lang='lat' dir='ltr'>Galli</span> <span class='ocrx_word' id='word_1_162' title='bbox 566 1948 703 2011; x_wconf 90' lang='lat' dir='ltr'>universi</span> <span class='ocrx_word' id='word_1_163' title='bbox 724 1966 764 2010; x_wconf 82' lang='lat' dir='ltr'>eit</span> <span class='ocrx_word' id='word_1_164' title='bbox 787 1951 1093 2027; x_wconf 70' lang='lat' dir='ltr'>castrissruperuntz</span> <span class='ocrx_word' id='word_1_165' title='bbox 1118 1949 1176 2010; x_wconf 86' lang='lat' dir='ltr'>lusi</span> 
     </span>
     <span class='ocr_line' id='line_1_22' title="bbox 194 2033 1176 2110; baseline -0.001 -16"><span class='ocrx_word' id='word_1_166' title='bbox 194 2036 266 2096; x_wconf 88' lang='lat' dir='ltr'>inde</span> <span class='ocrx_word' id='word_1_167' title='bbox 279 2035 423 2109; x_wconf 82' lang='lat' dir='ltr'>Romani,</span> <span class='ocrx_word' id='word_1_168' title='bbox 446 2049 526 2107; x_wconf 90' lang='lat' dir='ltr'>quae</span> <span class='ocrx_word' id='word_1_169' title='bbox 541 2033 670 2109; x_wconf 87' lang='lat' dir='ltr'>imperio</span> <span class='ocrx_word' id='word_1_170' title='bbox 691 2035 830 2096; x_wconf 87' lang='lat' dir='ltr'>consulis</span> <span class='ocrx_word' id='word_1_171' title='bbox 851 2037 1025 2110; x_wconf 87' lang='lat' dir='ltr'>noluerant,</span> <span class='ocrx_word' id='word_1_172' title='bbox 1047 2051 1108 2096; x_wconf 89' lang='lat' dir='ltr'>suo</span> <span class='ocrx_word' id='word_1_173' title='bbox 1124 2051 1176 2109; x_wconf 90' lang='lat' dir='ltr'>pa-</span> 
     </span>
     <span class='ocr_line' id='line_1_23' title="bbox 196 2118 1176 2194; baseline -0.001 -16"><span class='ocrx_word' id='word_1_174' title='bbox 196 2135 270 2179; x_wconf 86' lang='lat' dir='ltr'>vore</span> <span class='ocrx_word' id='word_1_175' title='bbox 286 2135 322 2179; x_wconf 89' lang='lat' dir='ltr'>ac</span> <span class='ocrx_word' id='word_1_176' title='bbox 335 2127 452 2180; x_wconf 87' lang='lat' dir='ltr'>terrore</span> <span class='ocrx_word' id='word_1_177' title='bbox 467 2123 568 2176; x_wconf 85' lang='lat' dir='ltr'>castra</span> <span class='ocrx_word' id='word_1_178' title='bbox 580 2126 730 2194; x_wconf 88' lang='lat' dir='ltr'>repetunt.</span> <span class='ocrx_word' id='word_1_179' title='bbox 753 2119 795 2180; x_wconf 90' lang='lat' dir='ltr'>ita</span> <span class='ocrx_word' id='word_1_180' title='bbox 808 2118 893 2180; x_wconf 85' lang='lat' dir='ltr'>varia</span> <span class='ocrx_word' id='word_1_181' title='bbox 907 2120 1176 2194; x_wconf 82' lang='lat' dir='ltr'>hincatqucillino</span> 
     </span>
    </p>
   </div>
   <div class='ocr_carea' id='block_1_5' title="bbox 192 2200 1235 2360">
    <p class='ocr_par' dir='ltr' id='par_1_5' title="bbox 192 2200 1235 2376">
     <span class='ocr_line' id='line_1_24' title="bbox 194 2200 1235 2275; baseline 0 -15"><span class='ocrx_word' id='word_1_182' title='bbox 194 2215 276 2262; x_wconf 91' lang='lat' dir='ltr'>nunc</span> <span class='ocrx_word' id='word_1_183' title='bbox 291 2205 364 2275; x_wconf 72' lang='lat' dir='ltr'>mgr</span> <span class='ocrx_word' id='word_1_184' title='bbox 377 2215 458 2260; x_wconf 89' lang='lat' dir='ltr'>nunc</span> <span class='ocrx_word' id='word_1_185' title='bbox 472 2200 599 2261; x_wconf 87' lang='lat' dir='ltr'>victoria</span> <span class='ocrx_word' id='word_1_186' title='bbox 613 2203 678 2262; x_wconf 88' lang='lat' dir='ltr'>luit.</span> <span class='ocrx_word' id='word_1_187' title='bbox 697 2203 852 2265; x_wconf 78' lang='lat' dir='ltr'>Gallorum</span> <span class='ocrx_word' id='word_1_188' title='bbox 866 2210 967 2264; x_wconf 82' lang='lat' dir='ltr'>tamen</span> <span class='ocrx_word' id='word_1_189' title='bbox 981 2204 1021 2264; x_wconf 89' lang='lat' dir='ltr'>ad</span> <span class='ocrx_word' id='word_1_190' title='bbox 1032 2203 1177 2264; x_wconf 87' lang='lat' dir='ltr'>undecim</span> <span class='ocrx_word' id='word_1_191' title='bbox 1234 2249 1235 2254; x_wconf 61' lang='grc'>,</span> 
     </span>
     <span class='ocr_line' id='line_1_25' title="bbox 192 2283 1235 2360; baseline 0.004 -18"><span class='ocrx_word' id='word_1_192' title='bbox 192 2284 283 2358; x_wconf 89' lang='lat' dir='ltr'>milia,</span> <span class='ocrx_word' id='word_1_193' title='bbox 291 2285 497 2346; x_wconf 84' lang='lat' dir='ltr'>Romanorum</span> <span class='ocrx_word' id='word_1_194' title='bbox 510 2283 647 2360; x_wconf 90' lang='lat' dir='ltr'>quinque</span> <span class='ocrx_word' id='word_1_195' title='bbox 654 2287 736 2346; x_wconf 88' lang='lat' dir='ltr'>milia</span> <span class='ocrx_word' id='word_1_196' title='bbox 747 2289 939 2349; x_wconf 87' lang='lat' dir='ltr'>suntoccisa.</span> <span class='ocrx_word' id='word_1_197' title='bbox 953 2287 1086 2348; x_wconf 87' lang='lat' dir='ltr'>XLVlll.</span> <span class='ocrx_word' id='word_1_198' title='bbox 1103 2287 1179 2348; x_wconf 84' lang='lat' dir='ltr'>tlalli</span> <span class='ocrx_word' id='word_1_199' title='bbox 1234 2283 1235 2346; x_wconf 72' lang='lat' dir='ltr'>l</span> 
     </span>
    </p>
   </div>
   <div class='ocr_carea' id='block_1_6' title="bbox 190 2357 1235 2447">
    <p class='ocr_par' dir='ltr' id='par_1_6' title="bbox 190 2357 1235 2447">
     <span class='ocr_line' id='line_1_26' title="bbox 190 2357 1235 2447; baseline 0.005 -21"><span class='ocrx_word' id='word_1_200' title='bbox 190 2357 341 2442; x_wconf 85' lang='lat' dir='ltr'>&#39;recepere</span> <span class='ocrx_word' id='word_1_201' title='bbox 355 2367 385 2426; x_wconf 92' lang='lat' dir='ltr'>in</span> <span class='ocrx_word' id='word_1_202' title='bbox 400 2368 504 2428; x_wconf 88' lang='lat' dir='ltr'>intima</span> <span class='ocrx_word' id='word_1_203' title='bbox 524 2367 629 2429; x_wconf 88' lang='lat' dir='ltr'>linium</span> <span class='ocrx_word' id='word_1_204' title='bbox 650 2385 736 2444; x_wconf 86' lang='lat' dir='ltr'>sese,</span> <span class='ocrx_word' id='word_1_205' title='bbox 758 2374 867 2434; x_wconf 85' lang='lat' dir='ltr'>consul</span> <span class='ocrx_word' id='word_1_206' title='bbox 881 2371 1068 2432; x_wconf 84' lang='lat' dir='ltr'>Placentiam</span> <span class='ocrx_word' id='word_1_207' title='bbox 1082 2373 1178 2447; x_wconf 78' lang='lat' dir='ltr'>legio-</span> <span class='ocrx_word' id='word_1_208' title='bbox 1234 2377 1235 2404; x_wconf 65' lang='lat'>¹</span> 
     </span>
    </p>
   </div>
   <div class='ocr_carea' id='block_1_7' title="bbox 193 2450 1180 3202">
    <p class='ocr_par' dir='ltr' id='par_1_7' title="bbox 193 2450 1180 3202">
     <span class='ocr_line' id='line_1_27' title="bbox 195 2450 1178 2531; baseline 0.003 -20"><span class='ocrx_word' id='word_1_209' title='bbox 195 2467 250 2512; x_wconf 87' lang='lat' dir='ltr'>nes</span> <span class='ocrx_word' id='word_1_210' title='bbox 266 2452 360 2512; x_wconf 86' lang='lat' dir='ltr'>duxlt.</span> <span class='ocrx_word' id='word_1_211' title='bbox 387 2450 564 2528; x_wconf 86' lang='lat' dir='ltr'>Scipionem</span> <span class='ocrx_word' id='word_1_212' title='bbox 579 2454 629 2514; x_wconf 89' lang='lat' dir='ltr'>alii</span> <span class='ocrx_word' id='word_1_213' title='bbox 644 2454 807 2519; x_wconf 88' lang='lat' dir='ltr'>coniuncto</span> <span class='ocrx_word' id='word_1_214' title='bbox 820 2457 958 2518; x_wconf 78' lang='lat' dir='ltr'>exercitu</span> <span class='ocrx_word' id='word_1_215' title='bbox 973 2471 1043 2516; x_wconf 90' lang='lat' dir='ltr'>cum</span> <span class='ocrx_word' id='word_1_216' title='bbox 1058 2457 1178 2531; x_wconf 80' lang='lat' dir='ltr'>collega</span> 
     </span>
     <span class='ocr_line' id='line_1_28' title="bbox 194 2536 1178 2616; baseline 0.004 -21"><span class='ocrx_word' id='word_1_217' title='bbox 194 2551 251 2610; x_wconf 86' lang='lat' dir='ltr'>per</span> <span class='ocrx_word' id='word_1_218' title='bbox 268 2537 414 2598; x_wconf 90' lang='lat' dir='ltr'>Boiorum</span> <span class='ocrx_word' id='word_1_219' title='bbox 428 2536 636 2614; x_wconf 75' lang='lat' dir='ltr'>Ligurumque</span> <span class='ocrx_word' id='word_1_220' title='bbox 650 2553 748 2614; x_wconf 77' lang='lat' dir='ltr'>agros·</span> <span class='ocrx_word' id='word_1_221' title='bbox 757 2541 956 2616; x_wconf 86' lang='lat' dir='ltr'>populantem</span> <span class='ocrx_word' id='word_1_222' title='bbox 970 2540 1051 2616; x_wconf 89' lang='lat' dir='ltr'>isse,</span> <span class='ocrx_word' id='word_1_223' title='bbox 1074 2541 1178 2616; x_wconf 90' lang='lat' dir='ltr'>quoad</span> 
     </span>
     <span class='ocr_line' id='line_1_29' title="bbox 194 2620 1179 2699; baseline 0.004 -21"><span class='ocrx_word' id='word_1_224' title='bbox 194 2621 338 2696; x_wconf 77' lang='lat' dir='ltr'>progredi</span> <span class='ocrx_word' id='word_1_225' title='bbox 351 2620 447 2682; x_wconf 85' lang='lat' dir='ltr'>silvae</span> <span class='ocrx_word' id='word_1_226' title='bbox 459 2623 652 2698; x_wconf 85' lang='lat' dir='ltr'>paludesque</span> <span class='ocrx_word' id='word_1_227' title='bbox 664 2639 780 2698; x_wconf 82' lang='lat' dir='ltr'>passas</span> <span class='ocrx_word' id='word_1_228' title='bbox 790 2625 860 2699; x_wconf 72' lang='lat' dir='ltr'>sint,</span> <span class='ocrx_word' id='word_1_229' title='bbox 871 2625 1017 2698; x_wconf 89' lang='lat' dir='ltr'>scribunt,</span> <span class='ocrx_word' id='word_1_230' title='bbox 1032 2624 1085 2684; x_wconf 88' lang='lat' dir='ltr'>alli</span> <span class='ocrx_word' id='word_1_231' title='bbox 1097 2625 1179 2684; x_wconf 88' lang='lat' dir='ltr'>nulla</span> 
     </span>
     <span class='ocr_line' id='line_1_30' title="bbox 193 2704 1137 2779; baseline 0.006 -19"><span class='ocrx_word' id='word_1_232' title='bbox 193 2704 387 2764; x_wconf 82' lang='lat' dir='ltr'>memorabili</span> <span class='ocrx_word' id='word_1_233' title='bbox 396 2711 483 2779; x_wconf 76' lang='lat' dir='ltr'>gesta</span> <span class='ocrx_word' id='word_1_234' title='bbox 496 2722 531 2766; x_wconf 91' lang='lat' dir='ltr'>re</span> <span class='ocrx_word' id='word_1_235' title='bbox 545 2706 673 2766; x_wconf 88' lang='lat' dir='ltr'>Romam</span> <span class='ocrx_word' id='word_1_236' title='bbox 689 2707 879 2770; x_wconf 88' lang='lat' dir='ltr'>comitiorum</span> <span class='ocrx_word' id='word_1_237' title='bbox 894 2723 990 2769; x_wconf 86' lang='lat' dir='ltr'>causa</span> <span class='ocrx_word' id='word_1_238' title='bbox 1003 2709 1137 2769; x_wconf 85' lang='lat' dir='ltr'>redisse.</span> 
     </span>
     <span class='ocr_line' id='line_1_31' title="bbox 276 2785 1179 2867; baseline 0.007 -22"><span class='ocrx_word' id='word_1_239' title='bbox 276 2785 393 2846; x_wconf 84' lang='lat' dir='ltr'>Eodem</span> <span class='ocrx_word' id='word_1_240' title='bbox 407 2804 487 2848; x_wconf 86' lang='lat' dir='ltr'>anno</span> <span class='ocrx_word' id='word_1_241' title='bbox 502 2790 535 2848; x_wconf 91' lang='grc' dir='ltr'>Τ.</span> <span class='ocrx_word' id='word_1_242' title='bbox 551 2789 708 2862; x_wconf 81' lang='lat' dir='ltr'>Quinctius</span> <span class='ocrx_word' id='word_1_243' title='bbox 722 2789 846 2866; x_wconf 78' lang='lat' dir='ltr'>Elatiae,</span> <span class='ocrx_word' id='word_1_244' title='bbox 862 2808 924 2867; x_wconf 91' lang='lat' dir='ltr'>quo</span> <span class='ocrx_word' id='word_1_245' title='bbox 939 2791 1117 2853; x_wconf 73' lang='lat' dir='ltr'>inhibenda</span> <span class='ocrx_word' id='word_1_246' title='bbox 1130 2808 1179 2852; x_wconf 89' lang='lat' dir='ltr'>re·</span> 
     </span>
     <span class='ocr_line' id='line_1_32' title="bbox 194 2867 1178 2952; baseline 0.01 -28"><span class='ocrx_word' id='word_1_247' title='bbox 194 2867 323 2928; x_wconf 75' lang='lat' dir='ltr'>duxerat</span> <span class='ocrx_word' id='word_1_248' title='bbox 344 2869 467 2944; x_wconf 86' lang='lat' dir='ltr'>copias,</span> <span class='ocrx_word' id='word_1_249' title='bbox 489 2878 585 2932; x_wconf 88' lang='lat' dir='ltr'>totum</span> <span class='ocrx_word' id='word_1_250' title='bbox 604 2872 715 2933; x_wconf 84' lang='lat' dir='ltr'>hiemis</span> <span class='ocrx_word' id='word_1_251' title='bbox 734 2881 856 2952; x_wconf 89' lang='lat' dir='ltr'>tempus</span> <span class='ocrx_word' id='word_1_252' title='bbox 871 2877 937 2936; x_wconf 78' lang='lat' dir='ltr'>iura</span> <span class='ocrx_word' id='word_1_253' title='bbox 952 2876 1089 2938; x_wconf 88' lang='lat' dir='ltr'>dloundo</span> <span class='ocrx_word' id='word_1_254' title='bbox 1106 2891 1178 2936; x_wconf 89' lang='lat' dir='ltr'>con-</span> 
     </span>
     <span class='ocr_line' id='line_1_33' title="bbox 193 2952 1180 3036; baseline 0.011 -28"><span class='ocrx_word' id='word_1_255' title='bbox 193 2952 337 3026; x_wconf 87' lang='lat' dir='ltr'>sumpsit,</span> <span class='ocrx_word' id='word_1_256' title='bbox 363 2953 581 3031; x_wconf 86' lang='lat' dir='ltr'>mutandisque</span> <span class='ocrx_word' id='word_1_257' title='bbox 604 2955 821 3031; x_wconf 73' lang='lat' dir='ltr'>nequaqam</span> <span class='ocrx_word' id='word_1_258' title='bbox 845 2959 944 3036; x_wconf 86' lang='lat' dir='ltr'>ipsius</span> <span class='ocrx_word' id='word_1_259' title='bbox 967 2958 1105 3036; x_wconf 89' lang='lat' dir='ltr'>Philippi</span> <span class='ocrx_word' id='word_1_260' title='bbox 1129 2967 1180 3020; x_wconf 90' lang='lat' dir='ltr'>aut</span> 
     </span>
     <span class='ocr_line' id='line_1_34' title="bbox 193 3035 1180 3118; baseline 0.011 -27"><span class='ocrx_word' id='word_1_261' title='bbox 193 3035 419 3108; x_wconf 81' lang='lat' dir='ltr'>praefectorum</span> <span class='ocrx_word' id='word_1_262' title='bbox 430 3037 498 3099; x_wconf 88' lang='lat' dir='ltr'>eius</span> <span class='ocrx_word' id='word_1_263' title='bbox 513 3039 634 3101; x_wconf 86' lang='lat' dir='ltr'>licentia</span> <span class='ocrx_word' id='word_1_264' title='bbox 648 3041 680 3101; x_wconf 94' lang='lat' dir='ltr'>in</span> <span class='ocrx_word' id='word_1_265' title='bbox 696 3041 872 3108; x_wconf 69' lang='lat' dir='ltr'>multocius</span> <span class='ocrx_word' id='word_1_266' title='bbox 887 3046 967 3105; x_wconf 87' lang='lat' dir='ltr'>lacta</span> <span class='ocrx_word' id='word_1_267' title='bbox 981 3051 1086 3118; x_wconf 88' lang='lat' dir='ltr'>crant,</span> <span class='ocrx_word' id='word_1_268' title='bbox 1112 3059 1180 3104; x_wconf 90' lang='lat' dir='ltr'>cum</span> 
     </span>
     <span class='ocr_line' id='line_1_35' title="bbox 193 3119 1178 3202; baseline 0.011 -25"><span class='ocrx_word' id='word_1_269' title='bbox 193 3133 269 3178; x_wconf 87' lang='lat' dir='ltr'>suae</span> <span class='ocrx_word' id='word_1_270' title='bbox 287 3119 433 3182; x_wconf 81' lang='lat' dir='ltr'>lectionis</span> <span class='ocrx_word' id='word_1_271' title='bbox 449 3121 605 3186; x_wconf 89' lang='lat' dir='ltr'>hominum</span> <span class='ocrx_word' id='word_1_272' title='bbox 625 3125 710 3186; x_wconf 87' lang='lat' dir='ltr'>vires</span> <span class='ocrx_word' id='word_1_273' title='bbox 729 3129 872 3202; x_wconf 77' lang='lat' dir='ltr'>augendo</span> <span class='ocrx_word' id='word_1_274' title='bbox 891 3128 942 3189; x_wconf 89' lang='lat' dir='ltr'>ius</span> <span class='ocrx_word' id='word_1_275' title='bbox 954 3143 992 3188; x_wconf 88' lang='lat' dir='ltr'>ac</span> <span class='ocrx_word' id='word_1_276' title='bbox 1007 3127 1178 3190; x_wconf 80' lang='lat' dir='ltr'>libertatem</span> 
     </span>
    </p>
   </div>
   <div class='ocr_carea' id='block_1_8' title="bbox 192 3197 1234 3281">
    <p class='ocr_par' dir='ltr' id='par_1_8' title="bbox 192 3197 1234 3281">
     <span class='ocr_line' id='line_1_36' title="bbox 192 3197 1234 3281; baseline 0.012 -21"><span class='ocrx_word' id='word_1_277' title='bbox 192 3201 320 3263; x_wconf 90' lang='lat' dir='ltr'>aliorum</span> <span class='ocrx_word' id='word_1_278' title='bbox 347 3203 561 3281; x_wconf 83' lang='lat' dir='ltr'>deprimerent.</span> <span class='ocrx_word' id='word_1_279' title='bbox 598 3209 688 3270; x_wconf 80' lang='lat' dir='ltr'>vetis</span> <span class='ocrx_word' id='word_1_280' title='bbox 707 3209 793 3272; x_wconf 89' lang='lat' dir='ltr'>initio</span> <span class='ocrx_word' id='word_1_281' title='bbox 819 3211 996 3274; x_wconf 79' lang='lat' dir='ltr'>Corinthum</span> <span class='ocrx_word' id='word_1_282' title='bbox 1022 3218 1178 3273; x_wconf 81' lang='lat' dir='ltr'>conventu</span> <span class='ocrx_word' id='word_1_283' title='bbox 1233 3197 1234 3212; x_wconf 49' lang='lat'>¹</span> 
     </span>
    </p>
   </div>
   <div class='ocr_carea' id='block_1_9' title="bbox 191 3286 1179 3540">
    <p class='ocr_par' dir='ltr' id='par_1_9' title="bbox 191 3286 1179 3540">
     <span class='ocr_line' id='line_1_37' title="bbox 192 3286 1177 3371; baseline 0.01 -27"><span class='ocrx_word' id='word_1_284' title='bbox 192 3286 292 3346; x_wconf 88' lang='lat' dir='ltr'>edicto</span> <span class='ocrx_word' id='word_1_285' title='bbox 307 3288 398 3350; x_wconf 85' lang='lat' dir='ltr'>verrit.</span> <span class='ocrx_word' id='word_1_286' title='bbox 421 3290 463 3350; x_wconf 90' lang='lat' dir='ltr'>ibi</span> <span class='ocrx_word' id='word_1_287' title='bbox 478 3293 611 3353; x_wconf 88' lang='lat' dir='ltr'>omnium</span> <span class='ocrx_word' id='word_1_288' title='bbox 623 3291 789 3355; x_wconf 87' lang='lat' dir='ltr'>civitatium</span> <span class='ocrx_word' id='word_1_289' title='bbox 800 3296 1012 3371; x_wconf 79' lang='lat' dir='ltr'>legationesin</span> <span class='ocrx_word' id='word_1_290' title='bbox 1024 3297 1177 3358; x_wconf 86' lang='lat' dir='ltr'>cuntionis</span> 
     </span>
     <span class='ocr_line' id='line_1_38' title="bbox 192 3370 1179 3456; baseline 0.018 -30"><span class='ocrx_word' id='word_1_291' title='bbox 192 3370 316 3430; x_wconf 87' lang='lat' dir='ltr'>modum</span> <span class='ocrx_word' id='word_1_292' title='bbox 331 3372 536 3435; x_wconf 62' lang='lat' dir='ltr'>circumtusus«</span> <span class='ocrx_word' id='word_1_293' title='bbox 545 3383 593 3437; x_wconf 84' lang='lat' dir='ltr'>eet</span> <span class='ocrx_word' id='word_1_294' title='bbox 608 3376 778 3450; x_wconf 88' lang='lat' dir='ltr'>adlocutus,</span> <span class='ocrx_word' id='word_1_295' title='bbox 795 3394 886 3440; x_wconf 88' lang='lat' dir='ltr'>orsus</span> <span class='ocrx_word' id='word_1_296' title='bbox 902 3381 941 3440; x_wconf 89' lang='lat' dir='ltr'>ab</span> <span class='ocrx_word' id='word_1_297' title='bbox 954 3379 1031 3441; x_wconf 85' lang='lat' dir='ltr'>inita</span> <span class='ocrx_word' id='word_1_298' title='bbox 1046 3381 1179 3456; x_wconf 88' lang='lat' dir='ltr'>primum</span> 
     </span>
     <span class='ocr_line' id='line_1_39' title="bbox 191 3449 1179 3540; baseline 0.015 -33"><span class='ocrx_word' id='word_1_299' title='bbox 191 3449 335 3513; x_wconf 87' lang='lat' dir='ltr'>Romanis</span> <span class='ocrx_word' id='word_1_300' title='bbox 351 3456 564 3518; x_wconf 81' lang='lat' dir='ltr'>amicitiamn</span> <span class='ocrx_word' id='word_1_301' title='bbox 580 3458 766 3520; x_wconf 83' lang='lat' dir='ltr'>Graecorum</span> <span class='ocrx_word' id='word_1_302' title='bbox 781 3470 887 3538; x_wconf 81' lang='lat' dir='ltr'>gente,</span> <span class='ocrx_word' id='word_1_303' title='bbox 911 3471 941 3524; x_wconf 84' lang='lat' dir='ltr'>et</span> <span class='ocrx_word' id='word_1_304' title='bbox 955 3460 1179 3540; x_wconf 86' lang='lat' dir='ltr'>imperatorum</span> 
     </span>
    </p>
   </div>
   <div class='ocr_carea' id='block_1_10' title="bbox 0 0 1246 3902">
    <p class='ocr_par' dir='ltr' id='par_1_10' title="bbox 0 0 1246 3902">
     <span class='ocr_line' id='line_1_40' title="bbox 0 0 1246 3902; baseline 0 0"><span class='ocrx_word' id='word_1_305' title='bbox 0 0 1246 3902; x_wconf 95' lang='lat' dir='ltr'> </span> 
     </span>
    </p>
   </div>
  </div>
 </body>
</html>
