2482 3900
162 233 184 297 2
334 225 449 286 LIBER
463 223 567 284 XXXI.
591 223 751 284 cAP.1.a.
774 223 810 299 [a.
824 227 858 280 U.
872 244 895 278 o.
909 221 971 298 551]

164 380 324 444 aiensibus
340 377 445 452 intulit,
461 377 519 438 iam
535 377 684 452 provideo
700 377 817 449 animo,
833 377 915 436 velut
929 376 980 451 qui
996 377 1146 450 proximis

167 464 257 526 littori
271 463 360 522 vadis
375 462 490 522 inducti
505 477 588 522 mare
605 459 736 536 pedibus
751 459 970 534 ingrediuntur,
993 459 1145 535 quidquid

166 546 363 624 progredior,
380 545 410 605 in
424 545 590 606 vastiorem
605 559 653 604 me
668 544 856 604 altitudinem
870 559 907 603 ac
921 544 1005 604 velut
1019 545 1145 619 protun-

165 633 237 692 dum
251 629 362 702 invehi,
378 638 407 690 et
422 644 562 690 crescere
578 643 676 703 paene
688 643 777 703 opus,
795 627 879 703 quod
892 627 988 702 perimo
1001 643 1147 702 quaeque

166 713 355 792 perficiendo
371 713 464 773 minui
479 711 649 774 videbatur.

207 797 316 858 Pacem
331 797 475 858 Punicam
490 795 603 876 bellum
613 793 845 856 Macedonicum
861 795 991 869 excepit,
1008 793 1147 870 periculo

165 881 405 955 haudquaquam
421 879 660 954 comparandum
671 886 724 940 aut
737 879 848 940 virtute
858 878 946 938 ducis
958 886 1008 938 aut
1019 878 1146 938 militum

165 964 287 1037 robore,
303 965 438 1024 claritate
451 979 558 1038 regum
573 962 765 1037 antiquorum
780 968 963 1036 vetustaque
978 963 1058 1022 lama
1073 976 1144 1035 gen-

165 1049 203 1109 tis
219 1057 249 1109 et
263 1047 470 1122 magnitudine
483 1047 611 1122 imperii,
636 1063 697 1122 quo
712 1049 806 1108 multa
821 1046 975 1121 quondam
990 1046 1147 1123 Europae,

165 1133 311 1193 maiorem
327 1139 444 1206 partem
455 1131 550 1190 Asiae
566 1131 757 1191 obtinuerant
771 1131 871 1204 armis,
890 1145 987 1204 prope
1003 1129 1146 1190 nobilius.

166 1222 301 1278 ceterum
312 1221 454 1290 coeptum
466 1214 578 1274 bellum
589 1214 919 1290 adversusPlrilippum
933 1213 1038 1274 dacem
1052 1213 1147 1272 terme

167 1308 236 1361 arata
257 1297 345 1359 annis
367 1297 496 1372 triennio
519 1299 605 1372 prius
627 1299 799 1373 depositum
818 1305 898 1369 erat,
920 1313 988 1356 cum
1002 1297 1103 1356 Aetoli
1118 1303 1147 1355 et

166 1382 238 1445 belli
259 1389 289 1442 et
304 1382 390 1456 pacis
406 1380 538 1442 luissent
553 1397 657 1442 causa.
681 1398 797 1442 vacuos
813 1381 924 1440 deinde
941 1397 1017 1455 pace
1032 1379 1143 1440 Punica

166 1467 225 1528 iam
235 1468 392 1526 Romanos
408 1471 438 1522 et
451 1463 590 1525 intensos
601 1463 742 1552 Philippo
759 1481 826 1524 eum
842 1466 882 1524 ob
898 1464 1021 1526 infidam
1038 1465 1143 1524 adver·

166 1565 221 1610 sus
233 1549 361 1608 Aetolos
376 1547 516 1624 aliosque
530 1547 665 1623 regionis
682 1549 818 1610 eiusdem
835 1549 939 1610 socios
952 1563 1069 1623 pacem,
1085 1555 1147 1606 tum
1233 1623 1234 1628 ἵ

167 1633 206 1694 oh
222 1631 335 1692 auxilia
350 1647 418 1692 cum
434 1631 565 1708 pecunia
579 1648 678 1708 nuper·
692 1632 722 1692 in
735 1633 869 1692 Africam
881 1633 976 1692 missa
985 1630 1147 1692 Hannibali
1233 1637 1234 1662 ¹

165 1715 338 1790 Poenisque
353 1730 462 1790 preces
476 1715 724 1790 Atheniensium,
740 1733 820 1791 quos
836 1731 910 1792 agro
927 1722 1101 1790 pervastato
1117 1714 1147 1773 in

166 1800 272 1860 urbem
294 1801 498 1875 compulerat,
521 1800 730 1861 excitaverunt
743 1801 782 1860 ad
799 1801 1010 1860 renovandum
1025 1799 1148 1858 bellum.

166 1884 202 1943 ll.
227 1882 284 1942 sub
305 1884 386 1944 idem
412 1884 476 1942 iere
503 1890 625 1958 tempus
647 1892 677 1944 et
698 1885 735 1946 ab
756 1885 858 1944 Attalo
880 1899 954 1958 rege
975 1889 1005 1942 et
1018 1880 1148 1942 Rhodiis

166 1967 257 2043 legati
276 1973 432 2037 venerunt,
450 1968 622 2028 nuntiantes
634 1969 729 2029 Asiae
744 1983 869 2044 quoque
884 1967 1020 2028 civitates
1036 1965 1147 2026 sollici-

165 2051 231 2112 tari.
254 2051 302 2110 bis
317 2051 522 2126 legationibus
537 2067 722 2126 responsum
737 2060 785 2112 est
799 2067 892 2112 curae
903 2067 970 2110 eam
981 2065 1046 2112 reru
1058 2065 1147 2110 sena·

169 2136 211 2196 tui
228 2137 303 2196 iore.
326 2134 509 2196 consultatio
526 2135 565 2194 de
579 2135 780 2196 Macedonico
795 2135 876 2194 bello
891 2135 1009 2208 integra
1022 2133 1062 2200 ad
1075 2149 1147 2194 con·
1232 2133 1233 2194 ξ

167 2219 266 2291 sulas,
290 2219 341 2292 qui
363 2226 435 2278 tunc
460 2219 489 2278 in
507 2217 674 2294 provinciis
690 2228 789 2291 erant,
814 2219 927 2279 reiecta
942 2226 997 2277 est.
1030 2217 1148 2278 interim

167 2304 207 2362 ad
220 2302 426 2362 Ptolemaeum
442 2303 576 2380 Aegypti
596 2319 700 2377 regem
715 2304 805 2378 legati
820 2309 882 2362 tres
897 2301 993 2374 missi,
1010 2301 1040 2362 C.
1060 2301 1147 2362 Clau·

167 2385 235 2446 dius
250 2387 329 2446 Nero
344 2386 384 2462 M.
397 2387 545 2462 Aemilius
561 2387 696 2462 Lepidus
711 2386 956 2462 P.'Sempronius
967 2385 1147 2458 Tuditanus,

166 2478 199 2531 ut
226 2470 401 2530 mundarent
422 2471 532 2534 victum
554 2471 754 2534 Hannibalem
768 2471 967 2545 Poenosque,
990 2476 1020 2529 et
1034 2469 1148 2544 gratias

167 2561 293 2629 agerent
304 2556 378 2630 regi,
392 2555 476 2630 quod
488 2556 518 2614 in
530 2554 622 2615 rebus
635 2555 745 2630 dubiis,
758 2571 827 2614 cum
839 2555 955 2614 finitimi
967 2555 1057 2614 etiam
1070 2552 1147 2613 socii

167 2639 538 2714 Romanosdesererent,
559 2639 590 2697 in
606 2639 668 2698 fide
682 2639 864 2706 mansisset;
887 2646 917 2698 et
930 2644 1076 2714 peterent,
1106 2643 1147 2710 ut,

167 2722 194 2780 si
207 2724 303 2782 coacti
319 2723 436 2782 iniuriis
448 2724 561 2782 bellum
575 2723 726 2782 adversus
738 2722 910 2797 Philippum
924 2721 1148 2797 suscepissent,
1231 2765 1232 2798 ,

167 2805 329 2878 pristinum
344 2805 476 2864 animum
491 2821 565 2879 erga
580 2806 727 2878 populum
742 2807 913 2866 Romanum
929 2811 1136 2867 conservaret.
1231 2801 1232 2818 ¹

250 2887 365 2946 Eodem
382 2889 446 2946 lere
459 2895 598 2964 tempore
611 2888 643 2946 P.
659 2889 767 2950 Aelius
781 2893 889 2950 consul
905 2891 935 2950 in
951 2890 1056 2960 Gallia,
1078 2905 1151 2948 cum

167 2971 307 3031 audisset
321 2972 432 3031 aBoiis
449 2978 518 3031 ante
530 2987 619 3032 suum
630 2973 795 3034 adventum
805 2973 999 3035 incursiones
1012 2975 1041 3032 in
1053 2989 1149 3048 agros

168 3061 325 3116 scotorum
344 3056 457 3126 iactas,
484 3055 604 3116 duabus
629 3056 800 3130 legionibus
824 3059 978 3119 subitariis
999 3058 1150 3118 tumultus

167 3138 235 3198 eius
250 3153 345 3199 causa
359 3137 491 3214 scriptis,
508 3137 685 3214 additisque
698 3141 802 3202 adeas
815 3149 957 3218 quattuor
969 3137 1151 3202 cohortibus

168 3222 208 3283 de
218 3223 353 3282 exercitu
365 3239 433 3296 suo,
446 3223 476 3283 G.
485 3223 627 3298 Ampium
639 3226 826 3298 praetecttun
837 3228 957 3292 socium
967 3225 1027 3286 hao
1037 3224 1151 3285 tumul—

167 3307 265 3366 tuaria
278 3322 368 3366 manu
384 3322 439 3381 per
450 3307 613 3379 Umbriam,
630 3325 722 3383 quam
737 3309 846 3371 tribum
859 3309 1019 3385 Sapiniam·
1026 3315 1152 3383 vocant,
1230 3325 1231 3394 ]

167 3404 274 3462 agrum
285 3389 431 3451 Boiorum
446 3391 590 3452 invadere
601 3393 705 3454 iussit:
720 3393 788 3468 ipse
800 3393 910 3454 eodem
922 3400 1027 3469 aperto
1040 3392 1155 3452 itinere

161 3487 224 3547 per
238 3479 358 3534 montes
374 3474 469 3534 duxit.
491 3476 619 3553 Ampius
635 3479 795 3554 ingressus
811 3477 944 3538 bostium
958 3479 1036 3537 tlnes
1048 3478 1153 3552 primo
