<?xml version="1.0" encoding="UTF-8"?>
<!DOCTYPE html PUBLIC "-//W3C//DTD XHTML 1.0 Transitional//EN"
    "http://www.w3.org/TR/xhtml1/DTD/xhtml1-transitional.dtd">
<html xmlns="http://www.w3.org/1999/xhtml" xml:lang="en" lang="en">
 <head>
  <title>
</title>
<meta http-equiv="Content-Type" content="text/html;charset=utf-8" />
  <meta name='ocr-system' content='tesseract 3.04.00' />
  <meta name='ocr-capabilities' content='ocr_page ocr_carea ocr_par ocr_line ocrx_word'/>
</head>
<body>
  <div class='ocr_page' id='page_1' title='image "./titiliviaburbec08livygoog_0344.png"; bbox 0 0 2506 3898; ppageno 0'>
   <div class='ocr_carea' id='block_1_1' title="bbox 253 189 1102 312">
    <p class='ocr_par' dir='ltr' id='par_1_1' title="bbox 253 189 1102 312">
     <span class='ocr_line' id='line_1_1' title="bbox 253 189 1102 312; baseline 0.002 -18"><span class='ocrx_word' id='word_1_1' title='bbox 253 189 527 294; x_wconf 76' lang='lat' dir='ltr'>tteuuxrntvn.</span> <span class='ocrx_word' id='word_1_2' title='bbox 550 231 631 293; x_wconf 79' lang='lat' dir='ltr'>cor.</span> <span class='ocrx_word' id='word_1_3' title='bbox 649 240 801 296; x_wconf 75' lang='lat' dir='ltr'>samaa.</span> <span class='ocrx_word' id='word_1_4' title='bbox 823 235 857 312; x_wconf 68' lang='lat' dir='ltr'>[a.</span> <span class='ocrx_word' id='word_1_5' title='bbox 871 239 904 290; x_wconf 88' lang='lat' dir='ltr'>c.</span> <span class='ocrx_word' id='word_1_6' title='bbox 917 236 978 312; x_wconf 75' lang='lat' dir='ltr'>reo]</span> <span class='ocrx_word' id='word_1_7' title='bbox 1040 233 1102 298; x_wconf 81' lang='lat' dir='ltr'>ato</span> 
     </span>
    </p>
   </div>
   <div class='ocr_carea' id='block_1_2' title="bbox 118 384 1104 2638">
    <p class='ocr_par' dir='ltr' id='par_1_2' title="bbox 121 384 1104 883">
     <span class='ocr_line' id='line_1_2' title="bbox 122 384 1102 462; baseline 0.001 -13"><span class='ocrx_word' id='word_1_8' title='bbox 122 385 278 462; x_wconf 88' lang='lat' dir='ltr'>homines,</span> <span class='ocrx_word' id='word_1_9' title='bbox 298 385 331 446; x_wconf 92' lang='lat' dir='ltr'>id</span> <span class='ocrx_word' id='word_1_10' title='bbox 351 401 451 462; x_wconf 86' lang='lat' dir='ltr'>aeque</span> <span class='ocrx_word' id='word_1_11' title='bbox 470 400 571 446; x_wconf 85' lang='lat' dir='ltr'>novus</span> <span class='ocrx_word' id='word_1_12' title='bbox 592 384 773 460; x_wconf 74' lang='lat' dir='ltr'>competitor</span> <span class='ocrx_word' id='word_1_13' title='bbox 789 384 953 446; x_wconf 74' lang='lat' dir='ltr'>intestabili</span> <span class='ocrx_word' id='word_1_14' title='bbox 968 385 1102 461; x_wconf 90' lang='lat' dir='ltr'>periurio</span> 
     </span>
     <span class='ocr_line' id='line_1_3' title="bbox 122 468 1103 544; baseline 0 -12"><span class='ocrx_word' id='word_1_15' title='bbox 122 473 302 535; x_wconf 75' lang='lat' dir='ltr'>incesseret.</span> <span class='ocrx_word' id='word_1_16' title='bbox 322 469 426 530; x_wconf 92' lang='lat' dir='ltr'>LVlll.</span> <span class='ocrx_word' id='word_1_17' title='bbox 448 476 569 530; x_wconf 87' lang='lat' dir='ltr'>centum</span> <span class='ocrx_word' id='word_1_18' title='bbox 583 468 699 530; x_wconf 90' lang='lat' dir='ltr'>millum</span> <span class='ocrx_word' id='word_1_19' title='bbox 709 469 1103 544; x_wconf 81' lang='lat' dir='ltr'>multairrogataernt.bis</span> 
     </span>
     <span class='ocr_line' id='line_1_4' title="bbox 123 551 1104 632; baseline 0 -16"><span class='ocrx_word' id='word_1_20' title='bbox 123 557 162 616; x_wconf 92' lang='lat' dir='ltr'>de</span> <span class='ocrx_word' id='word_1_21' title='bbox 176 571 214 615; x_wconf 90' lang='lat' dir='ltr'>ea</span> <span class='ocrx_word' id='word_1_22' title='bbox 229 560 375 618; x_wconf 83' lang='lat' dir='ltr'>certatum</span> <span class='ocrx_word' id='word_1_23' title='bbox 389 559 445 616; x_wconf 89' lang='lat' dir='ltr'>est.</span> <span class='ocrx_word' id='word_1_24' title='bbox 476 553 580 632; x_wconf 86' lang='lat' dir='ltr'>tertio,</span> <span class='ocrx_word' id='word_1_25' title='bbox 604 569 673 614; x_wconf 90' lang='lat' dir='ltr'>cum</span> <span class='ocrx_word' id='word_1_26' title='bbox 698 553 738 612; x_wconf 91' lang='lat' dir='ltr'>de</span> <span class='ocrx_word' id='word_1_27' title='bbox 762 551 910 628; x_wconf 90' lang='lat' dir='ltr'>petitione</span> <span class='ocrx_word' id='word_1_28' title='bbox 934 553 1104 616; x_wconf 85' lang='lat' dir='ltr'>destitisset</span> 
     </span>
     <span class='ocr_line' id='line_1_5' title="bbox 121 634 1103 714; baseline -0.005 -11"><span class='ocrx_word' id='word_1_29' title='bbox 121 655 203 714; x_wconf 80' lang='lat' dir='ltr'>teus,</span> <span class='ocrx_word' id='word_1_30' title='bbox 217 641 424 714; x_wconf 83' lang='lat' dir='ltr'>neopopnlus</span> <span class='ocrx_word' id='word_1_31' title='bbox 439 637 481 698; x_wconf 87' lang='lat' dir='ltr'>da</span> <span class='ocrx_word' id='word_1_32' title='bbox 492 638 586 699; x_wconf 86' lang='lat' dir='ltr'>multa</span> <span class='ocrx_word' id='word_1_33' title='bbox 599 634 779 712; x_wconf 73' lang='lat' dir='ltr'>suffragium</span> <span class='ocrx_word' id='word_1_34' title='bbox 793 637 874 698; x_wconf 89' lang='lat' dir='ltr'>ierrc</span> <span class='ocrx_word' id='word_1_35' title='bbox 887 637 992 711; x_wconf 86' lang='lat' dir='ltr'>voluit,</span> <span class='ocrx_word' id='word_1_36' title='bbox 1008 645 1039 700; x_wconf 91' lang='lat' dir='ltr'>et</span> <span class='ocrx_word' id='word_1_37' title='bbox 1053 639 1103 700; x_wconf 91' lang='lat' dir='ltr'>tri·</span> 
     </span>
     <span class='ocr_line' id='line_1_6' title="bbox 122 720 1101 798; baseline -0.004 -12"><span class='ocrx_word' id='word_1_38' title='bbox 122 723 195 786; x_wconf 82' lang='lat' dir='ltr'>bunt</span> <span class='ocrx_word' id='word_1_39' title='bbox 209 738 247 783; x_wconf 90' lang='lat' dir='ltr'>eo</span> <span class='ocrx_word' id='word_1_40' title='bbox 261 723 386 798; x_wconf 72' lang='lat' dir='ltr'>aegolm</span> <span class='ocrx_word' id='word_1_41' title='bbox 400 721 589 787; x_wconf 86' lang='lat' dir='ltr'>destiterunt.</span> <span class='ocrx_word' id='word_1_42' title='bbox 612 735 759 784; x_wconf 86' lang='lat' dir='ltr'>censores</span> <span class='ocrx_word' id='word_1_43' title='bbox 772 721 805 782; x_wconf 80' lang='grc' dir='ltr'>Τ.</span> <span class='ocrx_word' id='word_1_44' title='bbox 821 720 978 796; x_wconf 80' lang='lat' dir='ltr'>Quinctius</span> <span class='ocrx_word' id='word_1_45' title='bbox 993 722 1101 784; x_wconf 82' lang='lat' dir='ltr'>Flami-</span> 
     </span>
     <span class='ocr_line' id='line_1_7' title="bbox 122 804 723 883; baseline -0.005 -16"><span class='ocrx_word' id='word_1_46' title='bbox 122 807 212 869; x_wconf 86' lang='lat' dir='ltr'>ninus</span> <span class='ocrx_word' id='word_1_47' title='bbox 222 806 267 883; x_wconf 81' lang='grc' dir='ltr'>Μ.</span> <span class='ocrx_word' id='word_1_48' title='bbox 284 806 428 870; x_wconf 83' lang='lat' dir='ltr'>Claudius</span> <span class='ocrx_word' id='word_1_49' title='bbox 442 804 605 868; x_wconf 74' lang='lat' dir='ltr'>Marcellus</span> <span class='ocrx_word' id='word_1_50' title='bbox 621 805 723 868; x_wconf 85' lang='lat' dir='ltr'>creati.</span> 
     </span>
    </p>

    <p class='ocr_par' dir='ltr' id='par_1_3' title="bbox 119 887 1103 1892">
     <span class='ocr_line' id='line_1_8' title="bbox 205 887 1103 967; baseline 0.001 -18"><span class='ocrx_word' id='word_1_51' title='bbox 205 890 264 950; x_wconf 89' lang='lat' dir='ltr'>Per</span> <span class='ocrx_word' id='word_1_52' title='bbox 275 905 331 952; x_wconf 91' lang='lat' dir='ltr'>eos</span> <span class='ocrx_word' id='word_1_53' title='bbox 343 891 412 952; x_wconf 85' lang='lat' dir='ltr'>die&#39;s</span> <span class='ocrx_word' id='word_1_54' title='bbox 418 889 451 950; x_wconf 89' lang='lat' dir='ltr'>L.</span> <span class='ocrx_word' id='word_1_55' title='bbox 459 889 587 952; x_wconf 84' lang='lat' dir='ltr'>Aemilio</span> <span class='ocrx_word' id='word_1_56' title='bbox 594 891 722 966; x_wconf 80' lang='lat' dir='ltr'>Regillo,</span> <span class='ocrx_word' id='word_1_57' title='bbox 736 887 788 964; x_wconf 91' lang='lat' dir='ltr'>qui</span> <span class='ocrx_word' id='word_1_58' title='bbox 803 889 903 952; x_wconf 84' lang='lat' dir='ltr'>classe</span> <span class='ocrx_word' id='word_1_59' title='bbox 915 892 1103 967; x_wconf 91' lang='lat' dir='ltr'>praelectum</span> 
     </span>
     <span class='ocr_line' id='line_1_9' title="bbox 120 972 1102 1052; baseline -0.003 -14"><span class='ocrx_word' id='word_1_60' title='bbox 120 973 265 1038; x_wconf 82' lang='lat' dir='ltr'>Antiochi</span> <span class='ocrx_word' id='word_1_61' title='bbox 279 975 362 1050; x_wconf 82' lang='lat' dir='ltr'>regis</span> <span class='ocrx_word' id='word_1_62' title='bbox 376 973 545 1049; x_wconf 88' lang='lat' dir='ltr'>devicerat,</span> <span class='ocrx_word' id='word_1_63' title='bbox 571 981 657 1034; x_wconf 88' lang='lat' dir='ltr'>extra</span> <span class='ocrx_word' id='word_1_64' title='bbox 677 973 784 1034; x_wconf 90' lang='lat' dir='ltr'>urbem</span> <span class='ocrx_word' id='word_1_65' title='bbox 803 972 834 1033; x_wconf 91' lang='lat' dir='ltr'>in</span> <span class='ocrx_word' id='word_1_66' title='bbox 856 975 934 1036; x_wconf 87' lang='lat' dir='ltr'>aede</span> <span class='ocrx_word' id='word_1_67' title='bbox 950 975 1102 1052; x_wconf 82' lang='lat' dir='ltr'>Apollinis</span> 
     </span>
     <span class='ocr_line' id='line_1_10' title="bbox 121 1057 1102 1136; baseline 0 -16"><span class='ocrx_word' id='word_1_68' title='bbox 121 1073 192 1122; x_wconf 93' lang='lat' dir='ltr'>cum</span> <span class='ocrx_word' id='word_1_69' title='bbox 205 1066 331 1123; x_wconf 85' lang='lat' dir='ltr'>senatus</span> <span class='ocrx_word' id='word_1_70' title='bbox 348 1060 437 1120; x_wconf 85' lang='lat' dir='ltr'>delus</span> <span class='ocrx_word' id='word_1_71' title='bbox 452 1066 550 1130; x_wconf 89' lang='lat' dir='ltr'>esset,</span> <span class='ocrx_word' id='word_1_72' title='bbox 567 1057 677 1119; x_wconf 87' lang='lat' dir='ltr'>auditis</span> <span class='ocrx_word' id='word_1_73' title='bbox 691 1057 785 1120; x_wconf 89' lang='lat' dir='ltr'>rebus</span> <span class='ocrx_word' id='word_1_74' title='bbox 799 1059 894 1132; x_wconf 82' lang='lat' dir='ltr'>gestis</span> <span class='ocrx_word' id='word_1_75' title='bbox 907 1057 990 1135; x_wconf 82' lang='lat' dir='ltr'>eius,</span> <span class='ocrx_word' id='word_1_76' title='bbox 1006 1075 1102 1136; x_wconf 86' lang='lat' dir='ltr'>quun·</span> 
     </span>
     <span class='ocr_line' id='line_1_11' title="bbox 120 1142 1103 1217; baseline -0.002 -11"><span class='ocrx_word' id='word_1_77' title='bbox 120 1143 160 1206; x_wconf 90' lang='lat' dir='ltr'>tis</span> <span class='ocrx_word' id='word_1_78' title='bbox 182 1159 252 1206; x_wconf 86' lang='lat' dir='ltr'>eum</span> <span class='ocrx_word' id='word_1_79' title='bbox 273 1143 425 1206; x_wconf 87' lang='lat' dir='ltr'>classibus</span> <span class='ocrx_word' id='word_1_80' title='bbox 445 1142 579 1204; x_wconf 82' lang='lat' dir='ltr'>bostium</span> <span class='ocrx_word' id='word_1_81' title='bbox 600 1142 791 1216; x_wconf 80' lang='lat' dir='ltr'>dimicasset,</span> <span class='ocrx_word' id='word_1_82' title='bbox 818 1149 895 1217; x_wconf 90' lang='lat' dir='ltr'>quot</span> <span class='ocrx_word' id='word_1_83' title='bbox 914 1143 986 1204; x_wconf 91' lang='lat' dir='ltr'>inde</span> <span class='ocrx_word' id='word_1_84' title='bbox 1007 1158 1103 1204; x_wconf 88' lang='lat' dir='ltr'>naves</span> 
     </span>
     <span class='ocr_line' id='line_1_12' title="bbox 122 1227 1103 1302; baseline 0 -14"><span class='ocrx_word' id='word_1_85' title='bbox 122 1228 321 1293; x_wconf 84' lang='lat' dir='ltr'>demersisset</span> <span class='ocrx_word' id='word_1_86' title='bbox 333 1232 386 1288; x_wconf 89' lang='lat' dir='ltr'>aut</span> <span class='ocrx_word' id='word_1_87' title='bbox 399 1227 548 1302; x_wconf 89' lang='lat' dir='ltr'>cepisset,</span> <span class='ocrx_word' id='word_1_88' title='bbox 569 1241 680 1300; x_wconf 81' lang='lat' dir='ltr'>magno</span> <span class='ocrx_word' id='word_1_89' title='bbox 696 1241 853 1288; x_wconf 92' lang='lat' dir='ltr'>consensu</span> <span class='ocrx_word' id='word_1_90' title='bbox 866 1232 987 1302; x_wconf 91' lang='lat' dir='ltr'>patrum</span> <span class='ocrx_word' id='word_1_91' title='bbox 1000 1227 1103 1288; x_wconf 93' lang='lat' dir='ltr'>trium·</span> 
     </span>
     <span class='ocr_line' id='line_1_13' title="bbox 121 1308 1102 1387; baseline -0.004 -15"><span class='ocrx_word' id='word_1_92' title='bbox 121 1311 203 1387; x_wconf 92' lang='lat' dir='ltr'>phus</span> <span class='ocrx_word' id='word_1_93' title='bbox 223 1311 341 1374; x_wconf 88' lang='lat' dir='ltr'>navalis</span> <span class='ocrx_word' id='word_1_94' title='bbox 363 1315 411 1372; x_wconf 86' lang='lat' dir='ltr'>est</span> <span class='ocrx_word' id='word_1_95' title='bbox 435 1311 587 1372; x_wconf 89' lang='lat' dir='ltr'>decretus.</span> <span class='ocrx_word' id='word_1_96' title='bbox 621 1308 818 1384; x_wconf 90' lang='lat' dir='ltr'>triumphavit</span> <span class='ocrx_word' id='word_1_97' title='bbox 835 1309 903 1372; x_wconf 88' lang='lat' dir='ltr'>Kal.</span> <span class='ocrx_word' id='word_1_98' title='bbox 918 1309 1102 1373; x_wconf 82' lang='lat' dir='ltr'>Februariis.</span> 
     </span>
     <span class='ocr_line' id='line_1_14' title="bbox 120 1393 1102 1472; baseline 0.001 -17"><span class='ocrx_word' id='word_1_99' title='bbox 120 1396 152 1455; x_wconf 92' lang='lat' dir='ltr'>in</span> <span class='ocrx_word' id='word_1_100' title='bbox 168 1409 206 1458; x_wconf 90' lang='lat' dir='ltr'>eo</span> <span class='ocrx_word' id='word_1_101' title='bbox 221 1395 374 1472; x_wconf 89' lang='lat' dir='ltr'>triumpho</span> <span class='ocrx_word' id='word_1_102' title='bbox 393 1393 697 1470; x_wconf 79' lang='lat' dir='ltr'>undequinquaginta</span> <span class='ocrx_word' id='word_1_103' title='bbox 717 1408 851 1454; x_wconf 87' lang='lat' dir='ltr'>coronae</span> <span class='ocrx_word' id='word_1_104' title='bbox 865 1411 984 1456; x_wconf 84' lang='lat' dir='ltr'>aureae</span> <span class='ocrx_word' id='word_1_105' title='bbox 1003 1403 1102 1457; x_wconf 78' lang='lat' dir='ltr'>hans-</span> 
     </span>
     <span class='ocr_line' id='line_1_15' title="bbox 121 1478 1101 1556; baseline 0 -18"><span class='ocrx_word' id='word_1_106' title='bbox 121 1479 301 1554; x_wconf 75' lang='lat' dir='ltr'>latuerunt,</span> <span class='ocrx_word' id='word_1_107' title='bbox 327 1478 460 1556; x_wconf 89' lang='lat' dir='ltr'>pecunia</span> <span class='ocrx_word' id='word_1_108' title='bbox 474 1493 670 1554; x_wconf 91' lang='lat' dir='ltr'>nequaquam</span> <span class='ocrx_word' id='word_1_109' title='bbox 690 1483 788 1552; x_wconf 77' lang='lat' dir='ltr'>muta,</span> <span class='ocrx_word' id='word_1_110' title='bbox 813 1495 870 1554; x_wconf 91' lang='lat' dir='ltr'>pro</span> <span class='ocrx_word' id='word_1_111' title='bbox 896 1480 1003 1556; x_wconf 87' lang='lat' dir='ltr'>specie</span> <span class='ocrx_word' id='word_1_112' title='bbox 1027 1478 1101 1554; x_wconf 74' lang='lat' dir='ltr'>regii</span> 
     </span>
     <span class='ocr_line' id='line_1_16' title="bbox 120 1562 1101 1640; baseline 0.002 -18"><span class='ocrx_word' id='word_1_113' title='bbox 120 1562 273 1640; x_wconf 85' lang='lat' dir='ltr'>triumphi,</span> <span class='ocrx_word' id='word_1_114' title='bbox 288 1563 454 1628; x_wconf 82' lang='lat' dir='ltr'>tetrachma</span> <span class='ocrx_word' id='word_1_115' title='bbox 468 1564 569 1624; x_wconf 85' lang='lat' dir='ltr'>Attica</span> <span class='ocrx_word' id='word_1_116' title='bbox 581 1562 702 1638; x_wconf 86' lang='lat' dir='ltr'>triginta</span> <span class='ocrx_word' id='word_1_117' title='bbox 714 1570 856 1637; x_wconf 88' lang='lat' dir='ltr'>quattuor</span> <span class='ocrx_word' id='word_1_118' title='bbox 868 1564 951 1626; x_wconf 89' lang='lat' dir='ltr'>milia</span> <span class='ocrx_word' id='word_1_119' title='bbox 961 1565 1101 1639; x_wconf 85' lang='lat' dir='ltr'>ducenta,</span> 
     </span>
     <span class='ocr_line' id='line_1_17' title="bbox 121 1646 1102 1724; baseline 0.001 -16"><span class='ocrx_word' id='word_1_120' title='bbox 121 1647 292 1724; x_wconf 88' lang='lat' dir='ltr'>cistophori</span> <span class='ocrx_word' id='word_1_121' title='bbox 307 1655 427 1710; x_wconf 88' lang='lat' dir='ltr'>centum</span> <span class='ocrx_word' id='word_1_122' title='bbox 441 1647 563 1722; x_wconf 78' lang='lat' dir='ltr'>triginta</span> <span class='ocrx_word' id='word_1_123' title='bbox 577 1648 638 1709; x_wconf 91' lang='lat' dir='ltr'>duo</span> <span class='ocrx_word' id='word_1_124' title='bbox 653 1646 735 1709; x_wconf 90' lang='lat' dir='ltr'>milia</span> <span class='ocrx_word' id='word_1_125' title='bbox 746 1649 881 1708; x_wconf 89' lang='lat' dir='ltr'>trecenti.</span> <span class='ocrx_word' id='word_1_126' title='bbox 904 1649 1102 1724; x_wconf 89' lang='lat' dir='ltr'>supplicatio·</span> 
     </span>
     <span class='ocr_line' id='line_1_18' title="bbox 120 1731 1099 1807; baseline 0.005 -16"><span class='ocrx_word' id='word_1_127' title='bbox 120 1747 178 1792; x_wconf 90' lang='lat' dir='ltr'>nes</span> <span class='ocrx_word' id='word_1_128' title='bbox 194 1732 305 1794; x_wconf 90' lang='lat' dir='ltr'>deinde</span> <span class='ocrx_word' id='word_1_129' title='bbox 321 1734 442 1792; x_wconf 90' lang='lat' dir='ltr'>inerunt</span> <span class='ocrx_word' id='word_1_130' title='bbox 453 1746 493 1791; x_wconf 78' lang='lat' dir='ltr'>ex</span> <span class='ocrx_word' id='word_1_131' title='bbox 504 1737 631 1792; x_wconf 87' lang='lat' dir='ltr'>senatus</span> <span class='ocrx_word' id='word_1_132' title='bbox 643 1731 793 1805; x_wconf 88' lang='lat' dir='ltr'>consulto,</span> <span class='ocrx_word' id='word_1_133' title='bbox 810 1731 894 1807; x_wconf 88' lang='lat' dir='ltr'>quod</span> <span class='ocrx_word' id='word_1_134' title='bbox 904 1732 1099 1796; x_wconf 67' lang='lat' dir='ltr'>brnemilius</span> 
     </span>
     <span class='ocr_line' id='line_1_19' title="bbox 119 1814 898 1892; baseline -0.003 -14"><span class='ocrx_word' id='word_1_135' title='bbox 119 1814 152 1878; x_wconf 89' lang='lat' dir='ltr'>in</span> <span class='ocrx_word' id='word_1_136' title='bbox 166 1816 316 1892; x_wconf 85' lang='lat' dir='ltr'>Hispania</span> <span class='ocrx_word' id='word_1_137' title='bbox 329 1829 479 1890; x_wconf 88' lang='lat' dir='ltr'>prospere</span> <span class='ocrx_word' id='word_1_138' title='bbox 492 1829 557 1874; x_wconf 90' lang='lat' dir='ltr'>rem</span> <span class='ocrx_word' id='word_1_139' title='bbox 570 1815 724 1888; x_wconf 89' lang='lat' dir='ltr'>publicam</span> <span class='ocrx_word' id='word_1_140' title='bbox 738 1815 898 1889; x_wconf 82' lang='lat' dir='ltr'>gessisset.</span> 
     </span>
    </p>

    <p class='ocr_par' dir='ltr' id='par_1_4' title="bbox 118 1896 1103 2638">
     <span class='ocr_line' id='line_1_20' title="bbox 205 1896 1103 1976; baseline -0.004 -12"><span class='ocrx_word' id='word_1_141' title='bbox 205 1899 296 1964; x_wconf 77' lang='lat' dir='ltr'>flauo</span> <span class='ocrx_word' id='word_1_142' title='bbox 316 1899 358 1964; x_wconf 83' lang='lat' dir='ltr'>ita</span> <span class='ocrx_word' id='word_1_143' title='bbox 377 1899 471 1960; x_wconf 89' lang='lat' dir='ltr'>mullo</span> <span class='ocrx_word' id='word_1_144' title='bbox 494 1904 565 1973; x_wconf 89' lang='lat' dir='ltr'>post</span> <span class='ocrx_word' id='word_1_145' title='bbox 577 1899 612 1960; x_wconf 87' lang='lat' dir='ltr'>L.</span> <span class='ocrx_word' id='word_1_146' title='bbox 628 1896 732 1972; x_wconf 89' lang='lat' dir='ltr'>Scipio</span> <span class='ocrx_word' id='word_1_147' title='bbox 748 1898 788 1958; x_wconf 89' lang='lat' dir='ltr'>ad</span> <span class='ocrx_word' id='word_1_148' title='bbox 801 1899 908 1960; x_wconf 88' lang='lat' dir='ltr'>mbem</span> <span class='ocrx_word' id='word_1_149' title='bbox 922 1900 1021 1970; x_wconf 86' lang='lat' dir='ltr'>venit;</span> <span class='ocrx_word' id='word_1_150' title='bbox 1050 1899 1103 1976; x_wconf 90' lang='lat' dir='ltr'>qui</span> 
     </span>
     <span class='ocr_line' id='line_1_21' title="bbox 120 1981 1102 2059; baseline -0.003 -13"><span class='ocrx_word' id='word_1_151' title='bbox 120 2000 160 2046; x_wconf 89' lang='lat' dir='ltr'>ue</span> <span class='ocrx_word' id='word_1_152' title='bbox 169 1984 346 2059; x_wconf 73' lang='lat' dir='ltr'>cognomini</span> <span class='ocrx_word' id='word_1_153' title='bbox 357 1981 458 2048; x_wconf 80' lang='lat' dir='ltr'>fratris</span> <span class='ocrx_word' id='word_1_154' title='bbox 470 1983 602 2056; x_wconf 88' lang='lat' dir='ltr'>cederet,</span> <span class='ocrx_word' id='word_1_155' title='bbox 610 1981 779 2044; x_wconf 87' lang='lat' dir='ltr'>Asiaticum</span> <span class='ocrx_word' id='word_1_156' title='bbox 792 1998 827 2042; x_wconf 91' lang='lat' dir='ltr'>se</span> <span class='ocrx_word' id='word_1_157' title='bbox 837 1983 985 2058; x_wconf 90' lang='lat' dir='ltr'>appellari</span> <span class='ocrx_word' id='word_1_158' title='bbox 996 1983 1102 2044; x_wconf 89' lang='lat' dir='ltr'>voluit.</span> 
     </span>
     <span class='ocr_line' id='line_1_22' title="bbox 121 2065 1101 2142; baseline -0.004 -12"><span class='ocrx_word' id='word_1_159' title='bbox 121 2075 152 2130; x_wconf 85' lang='lat' dir='ltr'>et</span> <span class='ocrx_word' id='word_1_160' title='bbox 164 2067 196 2128; x_wconf 93' lang='lat' dir='ltr'>in</span> <span class='ocrx_word' id='word_1_161' title='bbox 209 2075 319 2132; x_wconf 86' lang='lat' dir='ltr'>senatu</span> <span class='ocrx_word' id='word_1_162' title='bbox 334 2074 365 2130; x_wconf 90' lang='lat' dir='ltr'>et</span> <span class='ocrx_word' id='word_1_163' title='bbox 378 2068 408 2134; x_wconf 91' lang='lat' dir='ltr'>in</span> <span class='ocrx_word' id='word_1_164' title='bbox 424 2067 567 2135; x_wconf 91' lang='lat' dir='ltr'>contione</span> <span class='ocrx_word' id='word_1_165' title='bbox 580 2067 727 2128; x_wconf 86' lang='lat' dir='ltr'>derebus</span> <span class='ocrx_word' id='word_1_166' title='bbox 743 2065 780 2126; x_wconf 89' lang='lat' dir='ltr'>nb</span> <span class='ocrx_word' id='word_1_167' title='bbox 793 2082 828 2126; x_wconf 90' lang='lat' dir='ltr'>se</span> <span class='ocrx_word' id='word_1_168' title='bbox 838 2067 933 2142; x_wconf 80' lang='lat' dir='ltr'>gestis</span> <span class='ocrx_word' id='word_1_169' title='bbox 946 2065 1101 2126; x_wconf 86' lang='lat' dir='ltr'>disseruit.</span> 
     </span>
     <span class='ocr_line' id='line_1_23' title="bbox 120 2150 1102 2228; baseline -0.002 -16"><span class='ocrx_word' id='word_1_170' title='bbox 120 2158 207 2213; x_wconf 88' lang='lat' dir='ltr'>erant</span> <span class='ocrx_word' id='word_1_171' title='bbox 220 2153 273 2228; x_wconf 85' lang='lat' dir='ltr'>qni</span> <span class='ocrx_word' id='word_1_172' title='bbox 284 2154 365 2216; x_wconf 84' lang='lat' dir='ltr'>lama</span> <span class='ocrx_word' id='word_1_173' title='bbox 378 2151 410 2212; x_wconf 92' lang='lat' dir='ltr'>id</span> <span class='ocrx_word' id='word_1_174' title='bbox 421 2153 520 2214; x_wconf 87' lang='lat' dir='ltr'>maius</span> <span class='ocrx_word' id='word_1_175' title='bbox 530 2152 643 2212; x_wconf 91' lang='lat' dir='ltr'>bellum</span> <span class='ocrx_word' id='word_1_176' title='bbox 656 2167 747 2226; x_wconf 89' lang='lat' dir='ltr'>quam</span> <span class='ocrx_word' id='word_1_177' title='bbox 759 2150 936 2212; x_wconf 80' lang='lat' dir='ltr'>difficultate</span> <span class='ocrx_word' id='word_1_178' title='bbox 948 2151 993 2210; x_wconf 89' lang='lat' dir='ltr'>rei</span> <span class='ocrx_word' id='word_1_179' title='bbox 1006 2151 1102 2212; x_wconf 87' lang='lat' dir='ltr'>luisse</span> 
     </span>
     <span class='ocr_line' id='line_1_24' title="bbox 118 2234 1101 2312; baseline 0 -16"><span class='ocrx_word' id='word_1_180' title='bbox 118 2237 404 2312; x_wconf 86' lang='lat' dir='ltr'>interpretarentur;</span> <span class='ocrx_word' id='word_1_181' title='bbox 420 2251 482 2298; x_wconf 91' lang='lat' dir='ltr'>uno</span> <span class='ocrx_word' id='word_1_182' title='bbox 497 2235 685 2298; x_wconf 86' lang='lat' dir='ltr'>memorabili</span> <span class='ocrx_word' id='word_1_183' title='bbox 701 2237 819 2310; x_wconf 91' lang='lat' dir='ltr'>proelio</span> <span class='ocrx_word' id='word_1_184' title='bbox 831 2234 1024 2311; x_wconf 90' lang='lat' dir='ltr'>debellatum,</span> <span class='ocrx_word' id='word_1_185' title='bbox 1036 2237 1101 2311; x_wconf 82' lang='lat' dir='ltr'>glo-</span> 
     </span>
     <span class='ocr_line' id='line_1_25' title="bbox 118 2319 1100 2398; baseline -0.007 -14"><span class='ocrx_word' id='word_1_186' title='bbox 118 2319 257 2397; x_wconf 84' lang='lat' dir='ltr'>riamque</span> <span class='ocrx_word' id='word_1_187' title='bbox 269 2321 336 2383; x_wconf 89' lang='lat' dir='ltr'>eius</span> <span class='ocrx_word' id='word_1_188' title='bbox 347 2321 493 2385; x_wconf 89' lang='lat' dir='ltr'>victoriae</span> <span class='ocrx_word' id='word_1_189' title='bbox 505 2319 721 2394; x_wconf 86' lang='lat' dir='ltr'>praefloratam</span> <span class='ocrx_word' id='word_1_190' title='bbox 734 2319 774 2382; x_wconf 89' lang='lat' dir='ltr'>ed</span> <span class='ocrx_word' id='word_1_191' title='bbox 784 2320 1006 2398; x_wconf 84' lang='lat' dir='ltr'>Thermopylas</span> <span class='ocrx_word' id='word_1_192' title='bbox 1018 2334 1100 2380; x_wconf 87' lang='lat' dir='ltr'>esse.</span> 
     </span>
     <span class='ocr_line' id='line_1_26' title="bbox 119 2403 1101 2481; baseline -0.006 -13"><span class='ocrx_word' id='word_1_193' title='bbox 119 2412 254 2470; x_wconf 78' lang='lat' dir='ltr'>ceterum</span> <span class='ocrx_word' id='word_1_194' title='bbox 266 2419 338 2466; x_wconf 91' lang='lat' dir='ltr'>vere</span> <span class='ocrx_word' id='word_1_195' title='bbox 353 2404 524 2466; x_wconf 87' lang='lat' dir='ltr'>aestimanti</span> <span class='ocrx_word' id='word_1_196' title='bbox 533 2403 706 2467; x_wconf 86' lang='lat' dir='ltr'>Aetolicum</span> <span class='ocrx_word' id='word_1_197' title='bbox 717 2405 815 2478; x_wconf 78' lang='lat' dir='ltr'>magis</span> <span class='ocrx_word' id='word_1_198' title='bbox 826 2404 866 2462; x_wconf 85' lang='lat' dir='ltr'>ad</span> <span class='ocrx_word' id='word_1_199' title='bbox 877 2403 1101 2481; x_wconf 83' lang='lat' dir='ltr'>Thermopylas</span> 
     </span>
     <span class='ocr_line' id='line_1_27' title="bbox 118 2485 1101 2564; baseline -0.004 -16"><span class='ocrx_word' id='word_1_200' title='bbox 118 2486 232 2552; x_wconf 81' lang='lat' dir='ltr'>bohun</span> <span class='ocrx_word' id='word_1_201' title='bbox 244 2505 335 2564; x_wconf 89' lang='lat' dir='ltr'>quam</span> <span class='ocrx_word' id='word_1_202' title='bbox 346 2487 463 2562; x_wconf 78' lang='lat' dir='ltr'>regium</span> <span class='ocrx_word' id='word_1_203' title='bbox 475 2487 539 2548; x_wconf 89' lang='lat' dir='ltr'>luit.</span> <span class='ocrx_word' id='word_1_204' title='bbox 563 2487 748 2562; x_wconf 88' lang='lat' dir='ltr'>quotaenim</span> <span class='ocrx_word' id='word_1_205' title='bbox 759 2493 845 2560; x_wconf 87' lang='lat' dir='ltr'>perte</span> <span class='ocrx_word' id='word_1_206' title='bbox 856 2485 964 2546; x_wconf 90' lang='lat' dir='ltr'>virium</span> <span class='ocrx_word' id='word_1_207' title='bbox 976 2501 1101 2546; x_wconf 90' lang='lat' dir='ltr'>suarum</span> 
     </span>
     <span class='ocr_line' id='line_1_28' title="bbox 119 2568 1103 2638; baseline -0.002 -5"><span class='ocrx_word' id='word_1_208' title='bbox 119 2572 161 2634; x_wconf 92' lang='lat' dir='ltr'>lbi</span> <span class='ocrx_word' id='word_1_209' title='bbox 181 2573 335 2638; x_wconf 87' lang='lat' dir='ltr'>dimicavit</span> <span class='ocrx_word' id='word_1_210' title='bbox 349 2571 547 2634; x_wconf 64' lang='lat' dir='ltr'>⁴Antiochus?</span> <span class='ocrx_word' id='word_1_211' title='bbox 567 2570 599 2630; x_wconf 91' lang='lat' dir='ltr'>in</span> <span class='ocrx_word' id='word_1_212' title='bbox 620 2570 696 2630; x_wconf 88' lang='lat' dir='ltr'>Asia</span> <span class='ocrx_word' id='word_1_213' title='bbox 720 2569 812 2632; x_wconf 90' lang='lat' dir='ltr'>totius</span> <span class='ocrx_word' id='word_1_214' title='bbox 831 2568 928 2630; x_wconf 83' lang='lat' dir='ltr'>Asiae</span> <span class='ocrx_word' id='word_1_215' title='bbox 955 2575 1103 2631; x_wconf 89' lang='lat' dir='ltr'>steterunt</span> 
     </span>
    </p>
   </div>
   <div class='ocr_carea' id='block_1_3' title="bbox 116 2639 1252 2732">
    <p class='ocr_par' dir='ltr' id='par_1_5' title="bbox 116 2639 1252 2732">
     <span class='ocr_line' id='line_1_29' title="bbox 116 2639 1252 2732; baseline -0.004 -16"><span class='ocrx_word' id='word_1_216' title='bbox 116 2657 211 2732; x_wconf 89' lang='lat' dir='ltr'>vires,</span> <span class='ocrx_word' id='word_1_217' title='bbox 226 2659 265 2720; x_wconf 89' lang='lat' dir='ltr'>ab</span> <span class='ocrx_word' id='word_1_218' title='bbox 277 2655 390 2722; x_wconf 85' lang='lat' dir='ltr'>ultimis</span> <span class='ocrx_word' id='word_1_219' title='bbox 405 2655 535 2718; x_wconf 88' lang='lat' dir='ltr'>Orientis</span> <span class='ocrx_word' id='word_1_220' title='bbox 548 2651 682 2714; x_wconf 91' lang='lat' dir='ltr'>omnium</span> <span class='ocrx_word' id='word_1_221' title='bbox 694 2653 828 2728; x_wconf 81' lang='lat' dir='ltr'>gentium</span> <span class='ocrx_word' id='word_1_222' title='bbox 839 2639 1004 2714; x_wconf 72' lang='lat' dir='ltr'>contractis</span> <span class='ocrx_word' id='word_1_223' title='bbox 1015 2652 1102 2712; x_wconf 89' lang='lat' dir='ltr'>auxi·</span> <span class='ocrx_word' id='word_1_224' title='bbox 1170 2663 1174 2666; x_wconf 82' lang='lat'>·</span> <span class='ocrx_word' id='word_1_225' title='bbox 1251 2649 1252 2654; x_wconf 76' lang='grc'>’</span> 
     </span>
    </p>
   </div>
   <div class='ocr_carea' id='block_1_4' title="bbox 113 2735 1102 3576">
    <p class='ocr_par' dir='ltr' id='par_1_6' title="bbox 113 2735 1102 3576">
     <span class='ocr_line' id='line_1_30' title="bbox 116 2735 1101 2816; baseline -0.007 -14"><span class='ocrx_word' id='word_1_226' title='bbox 116 2741 178 2802; x_wconf 91' lang='lat' dir='ltr'>liis.</span> <span class='ocrx_word' id='word_1_227' title='bbox 199 2742 273 2802; x_wconf 85' lang='lat' dir='ltr'><strong>LIX.</strong></span> <span class='ocrx_word' id='word_1_228' title='bbox 296 2741 402 2806; x_wconf 89' lang='lat' dir='ltr'>merito</span> <span class='ocrx_word' id='word_1_229' title='bbox 417 2755 491 2816; x_wconf 79' lang='lat' dir='ltr'>ergo</span> <span class='ocrx_word' id='word_1_230' title='bbox 507 2746 538 2800; x_wconf 93' lang='lat' dir='ltr'>et</span> <span class='ocrx_word' id='word_1_231' title='bbox 548 2737 608 2800; x_wconf 91' lang='lat' dir='ltr'>diis</span> <span class='ocrx_word' id='word_1_232' title='bbox 619 2736 848 2812; x_wconf 86' lang='lat' dir='ltr'>immortalibus,</span> <span class='ocrx_word' id='word_1_233' title='bbox 861 2741 994 2812; x_wconf 89' lang='lat' dir='ltr'>quantus</span> <span class='ocrx_word' id='word_1_234' title='bbox 1005 2735 1101 2796; x_wconf 89' lang='lat' dir='ltr'>maxi·</span> 
     </span>
     <span class='ocr_line' id='line_1_31' title="bbox 117 2820 1102 2902; baseline -0.006 -14"><span class='ocrx_word' id='word_1_235' title='bbox 117 2841 186 2888; x_wconf 87' lang='lat' dir='ltr'>mus</span> <span class='ocrx_word' id='word_1_236' title='bbox 201 2824 473 2902; x_wconf 86' lang='lat' dir='ltr'>poterat,habitus</span> <span class='ocrx_word' id='word_1_237' title='bbox 489 2824 664 2898; x_wconf 80' lang='lat' dir='ltr'>esthamoe,</span> <span class='ocrx_word' id='word_1_238' title='bbox 681 2822 766 2898; x_wconf 90' lang='lat' dir='ltr'>quod</span> <span class='ocrx_word' id='word_1_239' title='bbox 779 2820 933 2898; x_wconf 78' lang='lat' dir='ltr'>ingentem</span> <span class='ocrx_word' id='word_1_240' title='bbox 945 2821 1102 2890; x_wconf 87' lang='lat' dir='ltr'>victoriam</span> 
     </span>
     <span class='ocr_line' id='line_1_32' title="bbox 117 2906 1098 2984; baseline -0.003 -15"><span class='ocrx_word' id='word_1_241' title='bbox 117 2910 244 2972; x_wconf 81' lang='lat' dir='ltr'>facilem·</span> <span class='ocrx_word' id='word_1_242' title='bbox 259 2911 350 2975; x_wconf 86' lang='lat' dir='ltr'>etiam</span> <span class='ocrx_word' id='word_1_243' title='bbox 371 2909 531 2984; x_wconf 84' lang='lat' dir='ltr'>iecissent,</span> <span class='ocrx_word' id='word_1_244' title='bbox 553 2915 584 2970; x_wconf 87' lang='lat' dir='ltr'>et</span> <span class='ocrx_word' id='word_1_245' title='bbox 603 2907 778 2983; x_wconf 82' lang='lat' dir='ltr'>imperatori</span> <span class='ocrx_word' id='word_1_246' title='bbox 798 2906 969 2982; x_wconf 89' lang='lat' dir='ltr'>triumphus</span> <span class='ocrx_word' id='word_1_247' title='bbox 985 2915 1034 2969; x_wconf 91' lang='lat' dir='ltr'>est</span> <span class='ocrx_word' id='word_1_248' title='bbox 1048 2907 1098 2966; x_wconf 90' lang='lat' dir='ltr'>de·</span> 
     </span>
     <span class='ocr_line' id='line_1_33' title="bbox 117 2991 1099 3070; baseline -0.002 -14"><span class='ocrx_word' id='word_1_249' title='bbox 117 3001 231 3056; x_wconf 86' lang='lat' dir='ltr'>cretus.</span> <span class='ocrx_word' id='word_1_250' title='bbox 246 2993 444 3070; x_wconf 84' lang='lat' dir='ltr'>triumphavit</span> <span class='ocrx_word' id='word_1_251' title='bbox 453 3009 560 3061; x_wconf 87' lang='lat' dir='ltr'>menso</span> <span class='ocrx_word' id='word_1_252' title='bbox 572 2993 764 3054; x_wconf 90' lang='lat' dir='ltr'>intercalario</span> <span class='ocrx_word' id='word_1_253' title='bbox 776 2991 875 3068; x_wconf 89' lang='lat' dir='ltr'>pridie</span> <span class='ocrx_word' id='word_1_254' title='bbox 884 2991 952 3054; x_wconf 87' lang='lat' dir='ltr'>Kal.</span> <span class='ocrx_word' id='word_1_255' title='bbox 963 2991 1099 3054; x_wconf 88' lang='lat' dir='ltr'>Martias.</span> 
     </span>
     <span class='ocr_line' id='line_1_34' title="bbox 117 3075 1099 3156; baseline -0.005 -17"><span class='ocrx_word' id='word_1_256' title='bbox 117 3079 171 3154; x_wconf 87' lang='lat' dir='ltr'>qui</span> <span class='ocrx_word' id='word_1_257' title='bbox 184 3079 357 3156; x_wconf 87' lang='lat' dir='ltr'>triumphus</span> <span class='ocrx_word' id='word_1_258' title='bbox 378 3080 557 3154; x_wconf 84' lang='lat' dir='ltr'>spectaculo</span> <span class='ocrx_word' id='word_1_259' title='bbox 572 3079 730 3138; x_wconf 81' lang='lat' dir='ltr'>oculmum</span> <span class='ocrx_word' id='word_1_260' title='bbox 743 3076 842 3138; x_wconf 90' lang='lat' dir='ltr'>maior</span> <span class='ocrx_word' id='word_1_261' title='bbox 857 3093 950 3152; x_wconf 90' lang='lat' dir='ltr'>quam</span> <span class='ocrx_word' id='word_1_262' title='bbox 962 3075 1099 3138; x_wconf 82' lang='lat' dir='ltr'>Africani</span> 
     </span>
     <span class='ocr_line' id='line_1_35' title="bbox 115 3159 1099 3236; baseline -0.005 -14"><span class='ocrx_word' id='word_1_263' title='bbox 115 3161 220 3226; x_wconf 74' lang='lat' dir='ltr'>bairis</span> <span class='ocrx_word' id='word_1_264' title='bbox 236 3163 303 3225; x_wconf 91' lang='lat' dir='ltr'>eius</span> <span class='ocrx_word' id='word_1_265' title='bbox 319 3163 388 3236; x_wconf 87' lang='lat' dir='ltr'>luit,</span> <span class='ocrx_word' id='word_1_266' title='bbox 404 3163 618 3226; x_wconf 86' lang='lat' dir='ltr'>recordatione</span> <span class='ocrx_word' id='word_1_267' title='bbox 632 3177 734 3224; x_wconf 89' lang='lat' dir='ltr'>rerum</span> <span class='ocrx_word' id='word_1_268' title='bbox 749 3167 780 3222; x_wconf 91' lang='lat' dir='ltr'>et</span> <span class='ocrx_word' id='word_1_269' title='bbox 794 3159 1005 3223; x_wconf 87' lang='lat' dir='ltr'>aestimatione</span> <span class='ocrx_word' id='word_1_270' title='bbox 1021 3159 1099 3234; x_wconf 89' lang='lat' dir='ltr'>peri·</span> 
     </span>
     <span class='ocr_line' id='line_1_36' title="bbox 116 3243 1099 3323; baseline -0.007 -15"><span class='ocrx_word' id='word_1_271' title='bbox 116 3245 178 3308; x_wconf 91' lang='lat' dir='ltr'>culi</span> <span class='ocrx_word' id='word_1_272' title='bbox 199 3247 438 3322; x_wconf 88' lang='lat' dir='ltr'>certaminisque</span> <span class='ocrx_word' id='word_1_273' title='bbox 458 3263 519 3309; x_wconf 92' lang='lat' dir='ltr'>non</span> <span class='ocrx_word' id='word_1_274' title='bbox 537 3243 635 3322; x_wconf 72' lang='lat' dir='ltr'>magis</span> <span class='ocrx_word' id='word_1_275' title='bbox 650 3245 878 3323; x_wconf 87' lang='lat' dir='ltr'>comparandus</span> <span class='ocrx_word' id='word_1_276' title='bbox 895 3243 1029 3320; x_wconf 89' lang='lat' dir='ltr'>quamsi</span> <span class='ocrx_word' id='word_1_277' title='bbox 1045 3243 1099 3302; x_wconf 92' lang='lat' dir='ltr'>im·</span> 
     </span>
     <span class='ocr_line' id='line_1_37' title="bbox 115 3326 1100 3408; baseline -0.006 -16"><span class='ocrx_word' id='word_1_278' title='bbox 115 3338 290 3408; x_wconf 90' lang='lat' dir='ltr'>peratorem</span> <span class='ocrx_word' id='word_1_279' title='bbox 316 3331 491 3406; x_wconf 89' lang='lat' dir='ltr'>imperatori</span> <span class='ocrx_word' id='word_1_280' title='bbox 516 3337 568 3392; x_wconf 88' lang='lat' dir='ltr'>aut</span> <span class='ocrx_word' id='word_1_281' title='bbox 591 3329 778 3393; x_wconf 89' lang='lat' dir='ltr'>Antiochum</span> <span class='ocrx_word' id='word_1_282' title='bbox 804 3329 915 3390; x_wconf 92' lang='lat' dir='ltr'>ducem</span> <span class='ocrx_word' id='word_1_283' title='bbox 937 3326 1100 3388; x_wconf 88' lang='lat' dir='ltr'>Hannibali</span> 
     </span>
     <span class='ocr_line' id='line_1_38' title="bbox 115 3409 1095 3490; baseline -0.002 -16"><span class='ocrx_word' id='word_1_284' title='bbox 115 3415 284 3476; x_wconf 81' lang='lat' dir='ltr'>conferres.</span> <span class='ocrx_word' id='word_1_285' title='bbox 319 3415 436 3477; x_wconf 91' lang='lat' dir='ltr'>tulitin</span> <span class='ocrx_word' id='word_1_286' title='bbox 460 3414 611 3490; x_wconf 91' lang='lat' dir='ltr'>triumpho</span> <span class='ocrx_word' id='word_1_287' title='bbox 633 3414 722 3490; x_wconf 82' lang='lat' dir='ltr'>signa</span> <span class='ocrx_word' id='word_1_288' title='bbox 741 3411 882 3474; x_wconf 87' lang='lat' dir='ltr'>militaria</span> <span class='ocrx_word' id='word_1_289' title='bbox 902 3410 1035 3472; x_wconf 86' lang='lat' dir='ltr'>ducenta</span> <span class='ocrx_word' id='word_1_290' title='bbox 1048 3409 1095 3484; x_wconf 87' lang='lat' dir='ltr'>tri·</span> 
     </span>
     <span class='ocr_line' id='line_1_39' title="bbox 113 3495 1100 3576; baseline -0.005 -16"><span class='ocrx_word' id='word_1_291' title='bbox 113 3499 198 3574; x_wconf 82' lang='lat' dir='ltr'>ginta</span> <span class='ocrx_word' id='word_1_292' title='bbox 210 3506 365 3576; x_wconf 87' lang='lat' dir='ltr'>quattuor,</span> <span class='ocrx_word' id='word_1_293' title='bbox 375 3498 559 3576; x_wconf 89' lang='lat' dir='ltr'>oppidorum</span> <span class='ocrx_word' id='word_1_294' title='bbox 571 3498 733 3559; x_wconf 80' lang='lat' dir='ltr'>simulacra</span> <span class='ocrx_word' id='word_1_295' title='bbox 745 3503 865 3558; x_wconf 89' lang='lat' dir='ltr'>centnm</span> <span class='ocrx_word' id='word_1_296' title='bbox 879 3495 1001 3572; x_wconf 80' lang='lat' dir='ltr'>triginta</span> <span class='ocrx_word' id='word_1_297' title='bbox 1013 3503 1100 3572; x_wconf 85' lang='lat' dir='ltr'>quat·</span> 
     </span>
    </p>
   </div>
   <div class='ocr_carea' id='block_1_5' title="bbox 0 0 1258 3898">
    <p class='ocr_par' dir='ltr' id='par_1_7' title="bbox 0 0 1258 3898">
     <span class='ocr_line' id='line_1_40' title="bbox 0 0 1258 3898; baseline 0 1"><span class='ocrx_word' id='word_1_298' title='bbox 0 0 1258 3898; x_wconf 95' lang='lat' dir='ltr'> </span> 
     </span>
    </p>
   </div>
  </div>
 </body>
</html>
