2482 3900
162 217 185 282 6
356 213 472 274 LIBER
485 212 589 272 XXXI.
612 211 695 271 cni.
710 217 735 276 7.
757 217 794 286 [a.
810 217 846 270 U.
861 235 885 271 c.
899 218 962 285 552]

164 373 234 432 dem
249 369 374 430 dubium
387 375 443 440 est,
460 365 532 441 quin
544 364 625 426 huno
636 363 738 439 ipsum
749 363 930 440 Philippum,
946 371 1070 439 paetum
1081 364 1142 426 ianr

162 472 218 532 por
232 455 350 529 legatos
367 451 545 525 litterasque
559 465 630 509 eum
644 448 828 520 Hannibale,
850 455 884 508 ut
897 448 928 508 in
943 447 1058 508 Italiam
1071 449 1143 509 trai-

94 541 99 550 '
162 543 246 600 earet
264 533 359 596 misso
381 549 451 596 oum
471 535 573 594 elassa
586 531 736 605 Laevino,
760 531 812 608 qui
830 533 911 593 ultro
926 532 955 592 ei
969 531 1081 592 bellum
1095 531 1141 592 in·

160 617 498 694 temetinlllaoedonia
510 615 758 677 continuerimus.
782 616 1143 692 etquodtunereaimus,

160 722 229 766 eum
252 704 372 764 hostem
393 699 593 762 Hannibalem
618 699 755 761 initalia
779 698 977 775 haberemus,
1002 700 1034 760 id
1058 715 1142 761 nune

160 789 250 865 pulso
266 788 351 848 italie
365 784 542 857 Hannibale,
558 783 687 844 demotis
701 782 1002 860 carthaginiensibus
1017 791 1143 845 nunete-

159 889 226 934 mur
248 871 371 932 iaceret
401 869 552 944 pauorem
571 867 787 943 expugnandis
809 869 954 943 Athenis,
980 869 1061 930 siem
1083 867 1143 930 Sa-

158 963 252 1032 gunto
271 953 485 1030 expugnando
506 949 708 1012 Hannibalem
728 953 815 1027 passi
835 967 958 1028 sumus,
981 953 1142 1029 segnitiam

153 1047 294 1102 nosham
311 1036 442 1113 arpenni
463 1051 576 1111 regem.
610 1051 671 1094 non
694 1035 799 1110 quinto
821 1037 892 1097 inde
905 1051 1025 1112 meuse,
1049 1051 1142 1113 quem
1233 1045 1234 1070 ¹

158 1125 198 1184 ad
223 1121 347 1183 molium
372 1120 411 1180 ab
431 1119 571 1196 Sagunto
592 1119 759 1192 Hannibal,
783 1111 841 1180 s'ed
866 1121 973 1196 quinto
992 1118 1068 1180 inde
1088 1119 1139 1182 die
1233 1161 1234 1182 l

159 1223 251 1282 qnam
268 1205 306 1266 ab
318 1204 462 1266 Corintho
478 1204 604 1264 solverit
616 1219 722 1276 naves,
738 1201 768 1262 in
780 1200 896 1263 ltaliam
911 1205 1078 1280 perveniet.
1101 1219 1142 1264 ne
1233 1199 1234 1208 ’

157 1287 362 1367 aequaveritis
382 1287 542 1348 {iannibali
562 1286 749 1362 Philippum,
775 1302 815 1347 ne
836 1287 1137 1362 Carthaginiensibus

157 1374 354 1434 Macedonas.
389 1371 508 1448 Pyrrho
534 1377 616 1430 certe
638 1371 818 1444 aequabitis.
853 1371 1026 1448 aequabitis
1044 1372 1139 1434 ‹lioot
1233 1389 1234 1392 ¹

158 1465 306 1534 quantum
320 1457 366 1514 vel
383 1455 430 1514 vir
442 1453 508 1514 viro
524 1455 573 1512 vel
587 1469 664 1528 gens
678 1455 761 1530 genti
775 1462 927 1530 praestat!
949 1455 1072 1516 minima
1085 1471 1136 1516 ao-

156 1541 259 1602 oessio
275 1553 398 1613 sempor
407 1537 519 1613 Epirus
534 1552 630 1612 regno
641 1537 842 1600 Maeedoniae
856 1539 920 1614 suit,
935 1546 967 1600 et
978 1539 1070 1601 hodie
1081 1545 1139 1600 est.

155 1623 403 1700 Peloponnesum
414 1627 507 1682 totam
519 1621 549 1680 in
562 1621 684 1683 dicione
690 1621 850 1698 Philippus
861 1623 963 1695 habet,
971 1625 1139 1700 Argosque

156 1707 260 1784 ipsos,
281 1722 344 1767 non
359 1711 463 1766 vetere
478 1707 559 1765 lama
572 1707 671 1782 magis
687 1721 780 1780 quam
794 1714 892 1767 morte
905 1707 1015 1786 Pyrrhi
1030 1707 1140 1769 nobili·

155 1797 248 1852 talos.
269 1797 376 1850 nostra
390 1806 471 1851 nune
486 1805 640 1866 compara.
663 1798 777 1866 quanto
793 1792 890 1866 magis
906 1790 1066 1852 florentem
1080 1791 1143 1853 lta-

155 1877 242 1950 liam,
263 1881 376 1951 quanto
392 1875 489 1950 magis
504 1873 638 1949 integras
652 1889 704 1934 res
721 1876 813 1935 salvis
828 1875 968 1950 duoihus,
985 1875 1084 1937 salvis
1095 1882 1141 1936 tot

156 1957 357 2032 exaratione,
380 1973 459 2034 quos
474 1957 621 2018 Punicum
635 1965 746 2033 postea
759 1957 871 2019 bellum
887 1957 1068 2036 absumpsit,
1085 1959 1141 2018 ad-

155 2057 282 2120 gressus
306 2041 444 2120 Pyrrhus
469 2049 570 2103 mmen
595 2043 766 2116 oonoussit,
795 2051 825 2104 et
849 2043 947 2103 vietor
972 2059 1070 2120 prope
1094 2043 1137 2102 ad

154 2128 253 2205 ipsam
276 2126 381 2186 urbem
396 2127 565 2186 Romanam
586 2126 682 2188 venit!
705 2141 764 2186 neo
778 2126 932 2187 Tarentini
953 2128 1046 2190 modo
1070 2141 1139 2187 ora-

156 2228 216 2287 que
237 2211 288 2270 illa
302 2211 420 2283 ltaliae,
443 2226 534 2285 quam
548 2210 695 2270 maiorem
713 2211 870 2271 Graeciam
885 2218 1012 2285 vocant,
1034 2219 1068 2272 ut
1082 2208 1140 2270 lin-

154 2311 260 2371 guam,
281 2301 315 2354 ut
328 2309 438 2355 nomen
453 2301 577 2354 seoutos
593 2294 752 2368 crederes,
775 2295 832 2355 sed
846 2295 990 2356 Lucanus
1004 2304 1035 2356 et
1050 2296 1140 2354 Brut·

154 2380 214 2440 tius
229 2387 259 2438 et
268 2376 391 2439 Samnis
403 2377 441 2436 ab
453 2379 544 2439 nobis
556 2379 743 2440 defecerunt.
766 2379 844 2440 haee
856 2395 923 2453 vos,
939 2380 967 2440 si
978 2379 1138 2454 Philippus

154 2464 184 2523 in
198 2462 313 2523 ltaliam
326 2462 545 2536 transmiserit,
568 2462 708 2540 qrniottua
723 2470 776 2524 aut
788 2479 934 2526 mansura
947 2465 977 2524 in
995 2463 1057 2524 tide
1072 2477 1131 2522 ere

154 2547 246 2608 ditist
266 2551 443 2606 manserunt
457 2546 538 2606 enim
548 2546 662 2608 Punico
679 2554 789 2622 postea
800 2547 890 2609 bello.
909 2563 1076 2623 numquam
1089 2545 1140 2607 isti

152 2631 269 2706 populi,
284 2629 344 2691 nisi
359 2645 429 2690 eum
444 2632 541 2693 deerit
555 2631 595 2690 ad
610 2647 701 2706 quem
717 2632 901 2705 desciscant
918 2632 957 2692 ab
971 2631 1061 2692 nobis
1075 2645 1140 2692 non
1234 2623 1235 2712 l

153 2715 305 2774 deficient.
342 2715 369 2773 si
391 2715 542 2789 piguisset
561 2731 618 2776 vos
634 2717 664 2774 in
680 2717 814 2774 Airioam
830 2717 974 2787 traicere,
997 2715 1091 2776 hodie
1106 2716 1139 2774 in
1234 2767 1235 2774 ,

152 2797 238 2856 ltalia
265 2796 466 2856 Hannibalem
491 2805 522 2857 et
547 2798 815 2872 Carthaginienses
844 2800 942 2860 hostis
971 2799 1139 2860 haberetis.

151 2879 335 2940 Macedonia
360 2879 463 2954 potius
491 2895 583 2954 quam
603 2881 690 2940 ltalia
715 2882 829 2942 bellum
849 2883 976 2958 habeat,
1001 2883 1140 2944 hostium

151 2963 245 3024 urbes
271 2959 399 3040 agrique
424 2965 505 3024 ierro
532 2971 624 3038 atque
648 2966 711 3039 igni
737 2974 902 3028 vastentur.
935 2966 1055 3043 experti
1075 2967 1139 3026 iam

151 3063 259 3108 sumus
271 3047 347 3109 ioris
358 3047 448 3108 nobis
457 3064 549 3122 quam
561 3049 644 3108 domi
655 3050 792 3111 ielioiora
803 3051 1039 3128 potentioraque
1050 3067 1139 3110 arma

151 3147 232 3192 esse.
266 3134 306 3194 ite
326 3129 357 3192 in
380 3130 560 3207 suffragium
583 3133 662 3193 hene
685 3134 859 3197 iuvantibus
881 3135 976 3208 divis,
1001 3142 1031 3195 et
1054 3148 1138 3209 quae

150 3222 255 3292 patres
268 3223 462 3288 censuerunt,
480 3233 537 3278 vos
553 3217 663 3278 iubete,
686 3218 776 3280 huius
787 3221 877 3280 vobis
889 3218 1060 3282 sententiae
1071 3234 1136 3278 non

151 3302 260 3360 eonsul
281 3300 374 3362 modo
399 3308 586 3373 auctorest,
610 3302 667 3362 sed
688 3301 779 3363 etiam
799 3304 841 3364 dli
854 3304 1057 3375 immortales,
1081 3302 1135 3376 qui

150 3381 223 3441 mihi
238 3385 423 3445 sacrificanti
441 3387 654 3460 promittique,
676 3393 709 3446 ut
722 3386 782 3446 hoo
797 3387 909 3447 bellum
924 3387 996 3446 mihi
1013 3385 1135 3446 senatui

153 3463 318 3542 vobisque,
341 3469 434 3528 sociis
450 3485 487 3528 eo
502 3471 615 3530 nomini
630 3469 746 3539 Latino,
763 3469 915 3532 classibus
929 3469 1117 3530 exercitibus
