2482 3902
209 241 323 302 LIBER
337 241 470 302 XXXIV.
494 243 576 303 cAP.
590 251 635 306 ts.
650 251 694 306 49.
718 249 754 318 [r.
768 251 801 304 c.
816 253 878 319 let]
975 245 1036 313 185

63 396 109 473 qui
129 401 196 456 ante
215 409 253 454 se
271 395 302 454 in
316 393 499 454 Macedonia
518 394 651 454 luissent
670 395 801 472 suisque
817 395 911 458 rebus
927 401 1032 472 gestis.

63 479 155 540 omnia
165 493 234 538 cum
244 478 468 554 approbatione
479 477 594 552 ingenti
606 487 677 540 sunt
688 479 802 555 audita,
818 489 1034 559 praeterquam

61 579 122 624 cum
136 561 174 622 ad
188 562 371 624 mentionem
383 561 510 622 Nabidis
524 567 649 622 ventum
664 569 761 624 essem
784 563 816 623 id
827 565 951 626 minime
960 579 1033 628 con-

59 647 176 708 veniens
188 646 326 707 liberanti
339 646 498 706 &aeciam
509 645 678 722 videbatur,
693 654 859 725 tyrannum
869 649 1035 726 reliquisse

60 745 114 794 non
132 745 208 791 suae
222 732 323 792 solum
337 729 455 806 patriae
469 743 611 806 gravem
632 732 690 791 sed
705 733 846 793 omnibus
865 733 947 795 circa
961 735 1029 795 eivi-

59 817 160 876 tatibus
184 815 397 888 metuendum,
423 812 599 874 haerentem
623 815 795 877 visceribus
824 817 1034 880 nobilissimae

61 899 186 960 civitatis.
220 899 322 960 xtlit
352 913 410 958 nec
437 899 563 974 ignarus
591 899 682 961 huius
711 900 833 961 babitus
863 901 1034 964 animorum

60 983 219 1059 Quinctius,
234 984 270 1044 si
291 983 358 1045 sine
378 982 501 1044 excidio
520 983 762 1045 Lacedaemonis
784 985 850 1044 lleri
870 987 1031 1061 potuisset,

60 1067 197 1128 fatebatur
225 1068 314 1144 pacis
343 1077 412 1128 cum
440 1074 573 1146 tyranno
601 1067 786 1128 montionem
815 1069 1033 1153 admittendam

61 1151 172 1213 sumbus
196 1165 261 1214 nan
283 1153 395 1214 luisse:
423 1165 506 1212 nanc
531 1164 601 1212 com
626 1151 714 1212 ditm
739 1165 831 1228 quam
855 1153 944 1213 ruina
963 1164 1029 1230 gra·

60 1236 172 1296 tissima
192 1234 325 1297 civitatis
345 1235 476 1311 opprimi
497 1249 559 1296 non
580 1243 697 1311 pessel,
721 1237 817 1297 sotius
838 1236 938 1298 visum
960 1250 1033 1298 esse

61 1327 209 1398 tyrannum
228 1320 433 1393 debilitatum,
455 1333 492 1381 ac
509 1320 581 1381 totis
604 1331 703 1396 prope
723 1319 839 1382 viribus
861 1323 900 1381 ad
919 1333 1031 1382 nocen-

62 1405 122 1464 dum
135 1407 278 1482 cuiquam
292 1405 458 1480 ademptis,
479 1403 626 1480 relinqui,
649 1421 741 1480 quam
762 1405 917 1466 intermori
939 1403 1031 1465 velte·

61 1490 246 1551 nentioribus
269 1505 362 1566 quam
387 1503 468 1565 quae
493 1490 556 1565 pati
581 1490 683 1564 possit
713 1489 857 1552 remediis
881 1489 1032 1574 civitatem

62 1572 162 1650 sinere,
183 1574 216 1634 in
235 1574 308 1650 ipsa
321 1574 457 1634 vindicta
477 1573 623 1634 libertatis
645 1573 819 1648 perituram.
852 1573 1030 1650 praeterito·

60 1673 116 1717 mm
138 1657 420 1720 commemorationi
447 1657 578 1720 subiecit
600 1658 757 1734 prodolsci
782 1654 841 1719 sibi
863 1657 1031 1722 inlicitam

61 1746 139 1817 atque
155 1759 279 1805 omnem
293 1742 461 1804 exercitum
476 1742 686 1818 deportarem
700 1743 801 1803 aninlo
817 1757 898 1802 esse.
921 1743 1030 1804 Deme·

61 1825 150 1887 triadis
164 1827 383 1904 Chalcidisque
404 1826 560 1902 praesidia
579 1825 658 1885 intra
677 1825 829 1886 decimum
850 1826 931 1886 diem
945 1825 1030 1886 audi·

61 1916 132 1972 turos
151 1913 301 1986 deducta,
324 1909 580 1973 Acrocorinthum
594 1909 672 1984 ipsis
688 1911 841 1984 extemplo
858 1909 1030 1970 videntibus

60 2009 174 2056 omnam
195 1995 336 2057 Achaeis
358 1995 553 2069 traditurum,
580 2001 615 2055 ut
640 2006 748 2054 omncs
773 1993 901 2066 scirent,
930 2000 1030 2053 utrum

60 2076 190 2142 Romanis
205 2093 248 2140 an
262 2079 380 2142 Aetolis
394 2079 514 2140 mendrl
528 2090 596 2138 mos
611 2084 709 2153 essct,
727 2078 780 2154 qui
793 2079 873 2138 mate
888 2076 1028 2137 commis

61 2177 115 2222 sam
128 2163 297 2228 menatem
317 2164 589 2240 populationem
605 2161 800 2224 sermonibus
816 2159 988 2222 distulerint
1001 2165 1032 2222 et

60 2253 177 2310 mutams
198 2263 260 2326 pro
280 2247 503 2310 Macedonibus
522 2247 679 2309 Romanos
701 2247 855 2308 domines.
893 2243 1030 2307 sediliis

60 2345 108 2392 nec
127 2333 198 2409 qnid
218 2333 359 2394 dicment
372 2346 430 2392 nec
446 2331 521 2408 quid
534 2332 685 2408 lacerent,
706 2333 870 2408 quicquam
886 2343 1032 2405 umquam

60 2417 137 2488 pensi
150 2417 260 2480 luisse.
294 2417 430 2492 reliquos
445 2416 584 2478 eimtetes
598 2431 739 2490 monere,
755 2416 900 2488 attactis,
915 2425 977 2473 non
992 2421 1031 2473 eit

61 2497 137 2562 dctis
151 2503 270 2564 amicos
284 2505 429 2578 pensent,
446 2501 700 2576 intellegantque,
719 2498 829 2574 quibus
845 2496 1030 2556 eredendum
1086 2555 1092 2572 ,

61 2589 85 2642 ct
96 2599 113 2644 a
125 2587 238 2662 quibos
253 2586 425 2648 cavendmn
439 2583 488 2646 sit.
509 2585 648 2644 libertate
662 2582 934 2642 medicamentum
956 2587 1030 2638 tem·

59 2677 182 2740 panum
203 2685 274 2732 cem
288 2671 443 2732 salubrem
458 2675 489 2730 ct
502 2668 631 2744 singulis
646 2673 678 2728 ot
692 2665 864 2726 civitatibus
880 2677 965 2738 esse,
986 2661 1031 2722 ni-

60 2751 138 2814 miam
158 2763 188 2818 et
207 2755 278 2817 aliis
298 2767 423 2830 gravem
444 2760 475 2814 et
494 2754 573 2829 ipsis
596 2752 648 2829 qui
661 2751 796 2811 habeant
809 2747 987 2809 effrenatam
1002 2752 1033 2806 et

60 2839 245 2916 praecipitem
267 2853 349 2900 esse.
382 2837 568 2900 concordiae
589 2839 619 2896 in
642 2833 814 2897 civitatlbus
830 2832 989 2910 principes
1002 2837 1033 2893 el

61 2921 172 2984 ordnes
185 2915 264 2985 inter
278 2939 328 2999 ae,
345 2923 420 2984 etin
436 2933 597 2985 commune
612 2934 719 2983 omnes
735 2919 873 2980 civitates
890 2918 1031 2978 consule-

59 3013 128 3066 rent:
150 3009 303 3070 sormam
321 3007 541 3070 consentientis
563 3022 621 3066 nec
636 3019 740 3080 regem
756 3017 942 3080 quemquam
956 3001 1032 3062 satis

61 3088 181 3153 midam
206 3105 266 3154 nee
289 3099 456 3172 tyrannum
480 3092 562 3164 lore,
590 3089 776 3150 discordiam
797 3093 827 3148 et
851 3087 1032 3148 seditionem

61 3175 150 3236 onmia
168 3183 344 3254 opportuna
363 3175 579 3238 insidiantibus
601 3175 718 3248 lacera
746 3187 823 3233 com
836 3187 924 3246 pars,
953 3181 1033 3244 quae

61 3253 218 3322 comatico
235 3258 401 3322 certamine
416 3259 542 3321 interior
557 3259 605 3337 sit,
621 3264 749 3318 externo
764 3257 867 3332 potius
883 3263 919 3313 se
933 3253 1031 3328 appli-

61 3349 101 3401 cet
119 3357 210 3420 quam
230 3345 290 3408 civi
310 3345 409 3407 cedat.
444 3343 659 3405 alienissimis
676 3347 807 3418 partam,
829 3344 957 3398 externa
970 3335 1033 3396 lide

60 3425 196 3488 redditam
222 3429 391 3491 libertatem
413 3445 470 3490 sua
494 3443 568 3488 cura
591 3427 782 3489 custodirent
802 3429 1033 3497 servarentque,
1118 3477 1120 3482 .

60 3512 87 3566 tl
103 3515 234 3588 populas
250 3515 408 3577 Romanus
431 3513 532 3588 dignis
553 3511 655 3572 datam
675 3511 845 3571 libertatem
866 3522 903 3568 ac
922 3517 1033 3566 munus
