2482 3900
204 212 246 276 on
353 207 469 268 urana
483 205 601 266 xxxx.
623 203 705 264 cnr.
722 211 764 266 ra.
778 208 819 264 19.
843 208 1037 279 [ιιιιιιι]
1139 177 1144 184 ’

204 380 298 425 verso
305 361 552 436 Peloponnesum
565 357 677 431 exiguo
689 357 783 417 maris
796 357 897 432 spatio
904 357 1044 433 divisam,
1054 359 1093 419 ab
1106 365 1192 435 tergo

208 447 356 510 Aetoliam
370 442 651 518 Acarnaniamque,
671 441 709 501 ab
723 441 870 502 lateribus
884 441 1046 503 Locridem
1061 459 1098 504 ae
1112 444 1191 505 Boe

206 533 298 595 otiam
318 529 459 590 habebat
494 526 638 587 Phocidis
659 526 758 600 primo
779 525 896 600 impetu
914 525 1105 587 Phanoteam
1125 529 1193 588 eine

206 613 371 678 certamine
392 613 482 687 cepit.
514 611 664 688 Anticyra
685 610 769 670 haud
790 611 917 671 multam
934 611 965 670 in
982 615 1191 686 oppugnando

205 716 310 761 morae
325 697 474 774 praebuit.
499 695 675 772 Ambrysus
691 695 762 754 inde
776 695 1023 770 Hyampolisque
1037 705 1191 771 receptae.

204 785 311 846 Daulis
327 782 400 858 quia
413 782 443 840 in
458 781 574 840 tumulo
590 780 715 840 excelso
731 779 861 853 sileant,
875 779 1190 854 necscalisnecope

205 869 292 928 ribus
307 865 376 942 oapi
392 871 521 940 poterat.
544 864 728 924 lacessendo
743 863 910 924 missilibus
926 875 982 924 ees
995 863 1049 940 qui
1060 863 1091 922 in
1105 879 1190 938 prae-

207 951 286 1014 sidio
302 957 389 1010 erant
404 965 473 1009 cum
488 948 528 1008 ad
543 945 746 1008 excursiones
762 948 948 1022 elicuissent,
963 947 1146 1022 refugiendo
1163 949 1190 1006 in

205 1036 305 1096 vicem
327 1034 553 1110 sequendoque
573 1039 603 1091 et
623 1032 743 1092 levibus
765 1033 833 1092 sine
848 1031 961 1092 effectu
975 1033 1191 1092 certaminibus

207 1136 245 1181 eo
266 1120 479 1195 neglegentiae
494 1123 525 1176 el
540 1123 733 1191 contemptus
749 1117 958 1191 adduxerunt,
977 1125 1011 1176 ut
1027 1132 1096 1176 enm
1110 1117 1190 1177 relu-

207 1205 360 1281 gientibus
382 1204 412 1263 in
434 1209 554 1280 portam
575 1202 718 1278 permixti
738 1202 883 1276 impetam
896 1200 1028 1262 Romani
1045 1201 1190 1260 lacerent.

207 1296 238 1350 et
252 1289 313 1350 alia
334 1288 480 1363 ignobilia
496 1288 621 1347 castella
633 1285 777 1346 Phocidis
792 1292 908 1346 terrore
922 1284 1020 1359 magia
1036 1301 1129 1359 quam
1144 1301 1189 1343 ar·

207 1374 311 1434 misia
333 1379 516 1448 potestatem
537 1379 695 1432 venerunt.
731 1370 838 1430 blatea
856 1370 967 1430 clausu
987 1377 1112 1444 perusa
1135 1384 1192 1428 nee

207 1457 267 1518 nisi
281 1457 312 1515 vi
327 1459 518 1531 cogerentur,
533 1456 687 1530 recepturi
701 1455 862 1515 moenibus
876 1455 1062 1515 videbantur
1072 1459 1125 1513 ant
1136 1454 1190 1512 du·

209 1554 275 1602 cem
290 1547 343 1602 aut
357 1540 524 1599 exercitum
537 1540 717 1599 Romanum

292 1625 370 1683 illX.
392 1624 527 1684 Elateam
549 1623 700 1682 obsidenti
716 1623 834 1684 consuli
848 1622 892 1682 rei
906 1621 1031 1683 maioris
1046 1637 1122 1698 spes
1139 1623 1190 1681 ad

207 1707 301 1780 irrisit,
314 1707 511 1767 Achaeorum
526 1714 647 1782 gentem
663 1707 701 1765 ab
717 1708 864 1767 societate
878 1707 1007 1781 regiain
1022 1706 1231 1816 Romanam

209 1791 369 1851 amicitiam
395 1791 562 1850 avertendi
593 1790 768 1867 Cycliadan
793 1791 964 1865 principem
989 1791 1133 1850 factionis
1152 1765 1231 1849 ad

206 1873 378 1951 Philippum
408 1873 589 1936 trahentium
615 1889 667 1933 res
688 1876 886 1950 expulerant,
914 1874 1114 1948 Aristaenus,
1141 1874 1190 1948 uri

206 1959 354 2020 Romanis
368 1967 488 2034 gentem
504 1959 587 2033 iungi
601 1958 738 2033 volebat,
761 1965 885 2034 praetor
899 1965 972 2017 erat.
1006 1959 1117 2020 classis
1131 1959 1190 2018 Ro-

206 2059 299 2104 mana
309 2057 378 2104 aum
390 2044 492 2104 Attalo
505 2049 535 2102 et
545 2043 673 2102 Rhodiis
682 2042 846 2102 Cenchreis
858 2042 966 2114 stabat,
979 2043 1193 2118 parabantque
1229 2101 1230 2106 ,

208 2128 361 2188 communi
376 2143 484 2187 omnes
499 2128 627 2187 consilio
641 2127 815 2188 Corinthum
830 2141 1021 2202 oppugnare.
1042 2127 1191 2202 optimam

207 2212 298 2286 igitur
307 2218 392 2270 ratus
404 2219 460 2283 est,
469 2211 648 2287 priusquam
659 2227 725 2271 eam
737 2227 801 2270 rem
812 2211 1062 2286 adgrederentur,
1071 2213 1191 2286 legatos

207 2295 247 2355 ad
261 2303 383 2369 gentem
396 2294 591 2355 Achaeorum
606 2297 680 2355 mitti
696 2295 876 2372 pollicentis,
892 2294 918 2354 si
934 2296 973 2354 ab
988 2311 1062 2371 rege
1076 2297 1118 2356 ad
1131 2298 1192 2356 Ro·

207 2395 315 2440 manos
331 2379 532 2453 deiecissent,
555 2380 729 2440 Corinthum
746 2378 972 2440 contributuros
987 2381 1017 2439 in
1033 2381 1192 2454 antianum

206 2465 306 2540 gentis
328 2463 500 2524 concilium.
533 2468 659 2525 auctore
681 2465 809 2524 consule
828 2463 920 2540 legati
934 2480 953 2523 a
968 2465 1061 2525 tratre
1075 2466 1142 2525 eius
1158 2465 1190 2522 L.

207 2549 346 2624 Quinctio
363 2556 393 2610 et
400 2549 502 2610 Attalo
518 2549 687 2610 etRbodiis
703 2556 733 2609 et
743 2547 983 2608 Atheniensibus
997 2550 1037 2609 ad
1047 2549 1191 2609 Achaeos

205 2634 302 2694 missi.
338 2632 474 2712 Sicyone
497 2633 598 2694 datum
614 2641 663 2694 est
674 2633 711 2695 iis
728 2631 898 2694 canalium.
936 2640 1117 2693 enatantem
1130 2649 1191 2692 non

206 2718 371 2778 admodum
390 2719 522 2792 simplex
536 2718 658 2778 babitus
673 2719 750 2777 inter
763 2715 907 2778 Achaeos
922 2718 1110 2779 animorum:
1132 2725 1190 2777 ter·
1227 2723 1228 2774 l

206 2799 294 2859 rebat
312 2801 406 2859 Nabis
426 2801 704 2874 Lacedaemonius,
730 2802 834 2876 gratis
855 2807 886 2863 et
905 2803 1054 2864 adeidtms
1075 2803 1190 2869 hostis·

206 2883 372 2943 horrebant
390 2884 528 2943 Romana
549 2899 648 2954 arma;
670 2884 875 2946 Macedonum
889 2887 1050 2947 beneflciis
1064 2893 1096 2946 et
1108 2894 1190 2946 vete·

205 2965 292 3026 ribus
313 2973 344 3027 et
362 2966 537 3027 recentibus
562 2968 687 3064 obligati
709 2977 811 3041 erant3
838 2986 942 3046 regem
964 2971 1065 3047 ipsum
1082 2985 1227 3068 suspQ

207 3055 289 3109 ctum
303 3049 456 3110 habebant
470 3067 527 3125 pre
542 3052 609 3112 eius
625 3053 802 3115 crudelitate
817 3055 1020 3130 perfidiaque,
1035 3071 1140 3152 neque
1155 3070 1190 3113 ex

206 3133 245 3194 iis
265 3150 342 3209 qnae
361 3141 428 3195 turn
446 3136 486 3195 ad
506 3143 627 3212 tempus
650 3139 765 3199 iaceret
784 3140 997 3213 aestimantes,
1018 3141 1191 3214 graviorem

207 3227 278 3294 post
297 3219 408 3280 bellum
431 3220 622 3282 dominanti
608 3225 741 3285 futurum
763 3222 937 3284 cernebant.
972 3238 1075 3299 neqrre
1091 3225 1190 3284 salum

207 3304 281 3378 quid
301 3305 332 3363 in
347 3311 456 3366 senata
478 3306 610 3382 quisque
629 3307 757 3368 civitatis
773 3323 849 3368 suae
864 3309 961 3368 autin
976 3307 1189 3370 communibus

206 3388 343 3448 conciliis
359 3390 457 3464 gentis
474 3406 530 3464 pra
546 3393 696 3452 sententia
712 3391 850 3452 dicerent
864 3392 1063 3468 ignorabant,
1080 3393 1138 3452 sed
1154 3405 1189 3448 ne

206 3469 282 3542 ipsis
305 3472 427 3548 quidem
449 3489 553 3534 seorim
576 3475 794 3548 cogitantibus,
822 3478 895 3552 qnid
915 3477 1028 3538 vehent
1049 3483 1104 3537 aut
1118 3473 1187 3552 quid
