2482 3900
185 197 226 269 56
328 194 442 256 LIBER
456 191 575 254 XXXII.
599 191 682 252 CAP.
696 201 738 252 12.
753 197 795 252 13.
818 197 854 264 [a.
867 195 902 248 U.
915 213 939 246 e.
951 196 1014 263 554]

181 355 346 428 postquam
357 343 632 404 multisvulneratis
645 341 873 417 interfectisque
884 356 1031 417 recepere
1038 356 1075 402 se
1085 343 1162 417 regii

180 435 210 496 in
225 435 295 492 loca
312 437 364 490 aut
376 427 562 488 munimento
578 431 629 486 out
642 431 833 502 naturatum,
847 427 1162 502 verteratpericulum

180 517 211 578 in
224 517 390 586 Romanos,
406 517 520 570 temere
534 511 566 570 in
578 511 648 571 loca
657 510 763 585 iniqua
774 524 832 569 nec
844 509 941 572 facilis
952 511 993 569 ad
1002 517 1162 585 receptum

181 597 338 674 angustias
365 609 563 671 progressos.
599 609 700 669 neque
724 594 873 668 impunita
897 593 1066 654 temeritate
1087 595 1163 653 inde

179 682 372 758 recepissent
385 695 466 752 sese,
482 678 513 738 ni
525 679 640 739 clamor
651 679 782 754 primum
792 677 831 736 ab
842 684 928 752 tergo
941 677 1074 752 auditus,
1091 679 1163 737 dein

180 782 285 844 pugna
306 764 396 824 etiam
417 769 528 838 coepta
549 763 678 823 amentis
692 763 852 836 repentino
867 767 985 822 terrore
997 761 1103 835 regios
1118 763 1162 820 ie-

180 851 284 912 cisset.
306 863 380 924 pars
395 848 425 906 in
441 849 544 921 lugam
559 845 651 908 effusi
668 854 752 916 sunt;
783 863 856 920 pars
873 845 946 920 quia
959 845 1058 920 magis
1073 847 1162 906 locus

180 937 271 1010 rugae
293 933 412 1005 deerat,
434 947 526 1006 quam
541 931 626 1006 quod
647 930 738 990 animi
760 931 835 990 satis
855 936 940 990 esset
957 929 997 990 ad
1017 945 1162 1004 pugnam,

181 1035 249 1080 curn
264 1016 483 1089 substitissent,
498 1013 537 1074 ab
552 1015 643 1077 hoste
657 1022 719 1075 eta
734 1015 833 1074 ironte
845 1020 876 1074 et
886 1013 925 1074 ab
936 1021 1022 1088 tergo
1034 1021 1161 1088 urgente

180 1101 376 1164 circumventi
387 1107 467 1161 sunt.
490 1099 585 1159 deleri
596 1105 679 1160 totus
691 1099 844 1158 exereitus
857 1093 963 1172 potuit,
979 1098 1006 1157 si
1017 1098 1162 1172 fugientis

180 1185 335 1263 persecuti
355 1186 489 1245 victores
510 1190 630 1244 essent:
663 1182 721 1243 scd
741 1183 874 1258 equitem
895 1181 1056 1258 angustiae
1076 1184 1162 1242 loeo·

178 1285 307 1346 rumque
330 1269 497 1345 asperitas,
526 1267 660 1343 peditem
682 1283 836 1328 armorum
857 1266 992 1341 gravitas
1013 1266 1160 1341 impediit.

179 1371 235 1415 rex
257 1355 354 1430 primo
376 1351 475 1413 effuse
497 1367 534 1410 ao
555 1351 622 1410 sine
641 1357 797 1426 respectu
808 1350 898 1424 lugitc
931 1349 1003 1410 dein
1024 1349 1161 1425 quinque

178 1439 292 1498 milium
314 1436 446 1511 spatium
467 1449 669 1509 progressus,
692 1451 762 1494 oum
783 1451 821 1494 ex
836 1433 992 1510 iniquitate
1012 1434 1161 1508 locorum,

179 1523 211 1581 id
231 1521 315 1598 quod
335 1525 413 1589 erat,
436 1518 611 1592 suspicatus
633 1525 717 1578 esset
738 1519 827 1596 sequi
842 1534 904 1578 non
919 1533 1015 1593 posse
1029 1517 1159 1592 hostem,

179 1605 314 1666 substitit
327 1603 357 1662 in
378 1603 493 1662 tumulo
516 1602 667 1676 quodam,
689 1602 864 1678 dimisitque
886 1617 960 1663 suos
981 1617 1039 1677 per
1059 1603 1160 1661 omnia

178 1689 250 1762 iuga
264 1687 431 1760 vallesque,
448 1687 500 1762 qui
515 1687 634 1760 palatos
649 1685 788 1748 inunum
803 1687 989 1761 colligerent
1011 1703 1074 1748 non
1089 1688 1160 1760 plus

179 1771 302 1832 duobus
316 1768 437 1830 milibus
448 1769 605 1841 hominum
616 1771 749 1846 amissis,
765 1777 868 1830 cetera
879 1770 978 1831 omnis
989 1771 1160 1844 multitudo,

178 1857 262 1916 velut
281 1854 401 1929 signum
424 1853 550 1931 aliquod
571 1860 692 1926 secuta,
714 1855 855 1916 inunum
870 1855 1160 1927 cumconvenisset

178 1937 330 2014 coquenti
342 1938 463 2014 agmine
473 1939 784 2014 petuntThessaliam.
800 1939 940 2014 Romani,
949 1938 1052 2014 quoad
1063 1945 1160 2000 tutum

180 2024 235 2084 luit
251 2023 396 2096 insecuti,
418 2024 582 2084 caedentes
598 2023 830 2099 spoliantesque
845 2039 973 2096 caesos,
996 2028 1099 2082 castra
1113 2038 1160 2081 re-

178 2110 238 2183 gia,
250 2107 341 2168 etiam
353 2107 421 2166 sine
432 2106 648 2168 defensoribus
660 2108 777 2168 dilflcili
788 2106 1051 2181 aditu,diripiunt;
1069 2114 1162 2182 atque

179 2207 215 2250 ea
230 2197 320 2250 nocte
334 2191 365 2250 in
376 2190 442 2251 suis
455 2191 565 2251 castris
576 2199 761 2252 manserunt.
783 2191 861 2251 Xlll.
885 2197 1011 2267 postero
1025 2191 1076 2250 die
1088 2206 1159 2252 oon-

178 2277 224 2335 sul
247 2291 303 2349 per
323 2275 408 2348 ipsas
430 2273 604 2348 angustias,
628 2291 689 2350 qua
704 2291 739 2336 se
754 2276 831 2335 iuter
844 2277 941 2336 valles
957 2273 1072 2334 flumen
1087 2275 1159 2334 insi·

178 2365 258 2431 nnat,
273 2359 392 2419 hostem
408 2359 555 2434 sequitur.

261 2443 329 2502 Rex
342 2442 440 2518 primo
453 2443 503 2503 die
515 2444 554 2502 ad
566 2449 667 2504 castra
677 2441 786 2521 Pyrrhi
799 2443 953 2518 pervenit:
967 2444 1056 2507 locus
1070 2459 1162 2518 quem

177 2527 219 2586 ita
232 2533 352 2599 vocant,
369 2533 417 2588 est
431 2527 461 2586 in
475 2527 632 2606 Triphylia
647 2534 746 2588 terrae
758 2526 922 2588 Melotidis.
946 2527 1018 2587 inde
1033 2535 1162 2602 postero

177 2611 226 2670 die
236 2644 280 2658 -
290 2611 398 2686 ingens
412 2612 470 2672 iter
483 2613 604 2687 agmini,
621 2612 677 2672 sed
692 2617 790 2671 metus
805 2612 934 2686 urgebat
944 2643 987 2657 -
996 2611 1027 2670 in
1039 2617 1163 2672 montes

176 2695 304 2772 Lyncon
326 2697 469 2771 perrexit.
502 2695 562 2770 ipsi
578 2694 663 2770 Epiri
684 2701 768 2768 sunt,
790 2695 938 2756 interiecti
957 2695 1163 2765 Macedoniae

175 2778 431 2854 Thessaliaeque=
454 2780 548 2850 latus,
572 2779 657 2852 quod
675 2779 771 2852 vergit
786 2778 816 2838 in
830 2779 1034 2850 Thessaliam,
1059 2779 1162 2838 orien-

179 2867 237 2919 tem
253 2867 388 2936 spectat;
409 2861 577 2936 septentrio
592 2877 611 2920 a
624 2860 807 2922 Macedonia
821 2862 960 2923 obicitur.
984 2861 1086 2923 vestiti
1102 2864 1162 2921 tre-

177 2943 341 3018 quentibus
354 2945 440 3004 silvis
453 2951 539 3015 sunt;
554 2945 751 3020 iugasumma
763 2962 890 3022 campos
898 2953 1160 3022 patentesaquas·

177 3043 237 3102 que
263 3028 407 3103 perennis
435 3027 558 3089 habent.
590 3029 631 3090 ibi
653 3029 770 3090 stativis
794 3047 851 3090 rex
877 3045 933 3106 per
952 3030 1071 3104 aliquot
1092 3030 1160 3089 dies

175 3111 286 3172 habitis
301 3111 465 3172 fluctuatus
481 3114 582 3174 animo
598 3121 655 3188 est,
668 3121 769 3176 utrum
785 3115 922 3190 protinus
937 3114 968 3174 in
980 3129 1112 3188 regnum
1125 3129 1162 3174 se

175 3195 341 3271 reciperet,
368 3212 406 3273 an
429 3199 580 3272 praeverti
599 3199 630 3257 in
644 3198 833 3259 Thessaliam
853 3205 970 3274 posset.
1004 3197 1163 3258 inclinavit

175 3280 326 3340 sententia
339 3287 372 3342 ut
385 3280 416 3340 in
428 3281 617 3342 Thessaliam
632 3298 741 3356 agmen
753 3282 938 3352 demitteret3
959 3281 1164 3356 Triccamque

174 3364 324 3438 proximis
345 3364 490 3424 limitibus
512 3367 600 3440 petit,
624 3366 695 3424 inde
712 3365 820 3426 obvias
835 3365 929 3426 urbes
944 3365 1055 3440 raptim
1071 3381 1162 3440 pera-

174 3444 283 3520 gravit.
298 3447 447 3520 homines
457 3449 509 3522 qui
521 3449 611 3524 sequi
623 3455 761 3523 possent,
770 3448 896 3510 sedibus
904 3449 1033 3522 excibat,
1043 3449 1163 3524 oppido
