2506 3898
208 201 323 264 LIBER
333 201 495 262 XXXVIII.
508 201 886 280 cItP.41.4a.[·.U.e.aes.
900 207 1035 284 eomer]
1056 203 1119 271 357

139 353 210 422 tinis
230 353 326 418 filium
345 367 403 428 per
416 353 537 417 medias
551 351 657 414 hostes
673 367 741 412 cum
756 360 876 414 centurn
893 353 1019 422 delectis
1034 357 1118 431 cqui-

137 437 222 504 uum
237 437 431 520 perrupisser
452 435 587 502 eundem
598 451 679 509 mox,
696 451 766 496 cunr
779 437 839 496 iam
854 436 997 506 Muliines
1011 439 1041 499 in
1057 455 1119 500 me·

138 521 190 588 die
213 519 384 596 elephantis
407 519 586 596 collocatis,¹
601 518 631 578 in
653 534 770 582 cernua
792 520 945 596 equitibus
960 521 1119 597 dispositis

136 619 264 674 mnam
282 619 351 671 eum
365 603 456 669 ueste
470 603 693 678 consenuisset,
714 608 862 667 terrorem
876 603 916 666 ab
929 611 1015 680 terge
1031 621 1119 680 pras·

136 689 264 762 baisse,
276 693 370 763 atquc
383 687 457 751 inde
469 687 608 752 turbatas
623 687 758 763 equestri
773 689 857 752 velut
870 689 1006 763 procella
1019 689 1119 750 hostis

137 772 178 838 ai
192 771 330 848 peditum
344 785 455 846 minen
465 787 528 838 nen
538 771 722 834 accessisse.
745 770 797 834 cn.
809 771 939 832 Manlius
952 787 1008 846 per
1017 772 1118 840 Mece-

137 855 262 921 doniam
276 854 309 919 in
324 854 515 920 Thessaliam
536 854 703 919 exercitum
720 855 867 926 traduxit..
891 853 963 916 inde
976 871 1034 930 per
1046 857 1119 932 Epi-

135 939 412 1015 nmnpnimninm
432 953 501 1002 eum
523 938 728 1014 pervenisset,
749 939 885 1001 nendum
898 939 977 1000 adea
991 939 1119 1000 liberm

138 1021 589 1098 contemptoman,utuaicera
600 1022 927 1096 auderetitpclleniae
938 1021 1117 1084 hibernavit.

222 1107 311 1178 XLII.
331 1105 424 1171 exitu
437 1121 537 1181 prope
552 1105 623 1166 anni
637 1105 677 1164 M.
692 1105 837 1169 Valerius
851 1106 961 1166 consul
974 1121 1015 1166 ex
1027 1106 1119 1182 uigu-

136 1190 222 1266 rilpus
237 1189 277 1252 ad
291 1190 486 1266 inagistrams
502 1189 720 1264 subiugandos
730 1185 859 1250 Romam
869 1189 1047 1256 veniturum
1056 1205 1119 1250 rue

137 1274 276 1340 enerabili
295 1274 334 1333 in.
348 1273 507 1349 panvincia
531 1279 620 1348 gesta
639 1288 689 1348 re,
714 1280 749 1334 ut
769 1288 807 1333 ea
827 1269 996 1350 probabilis
1015 1289 1119 1334 morae

138 1373 236 1431 eausa
247 1363 340 1432 esset,
356 1357 441 1433 quud
455 1357 550 1422 satim
559 1357 712 1421 seriusad
723 1357 1000 1426 ceniuavcnissct·
1025 1355 1117 1418 conii-

136 1443 178 1504 tia
198 1441 377 1506 consulum
400 1441 549 1516 regendis
570 1440 693 1510 fuerunt
711 1445 782 1507 ente
802 1441 885 1502 diem
904 1440 1118 1510 duodecimum

137 1524 203 1592 Ital.
223 1525 364 1590 Martias:
393 1525 488 1587 creati
507 1523 549 1589 II.
569 1523 716 1588 Aemilius
737 1523 874 1599 Lepidus
897 1523 927 1586 C.
941 1523 1118 1586 Flaminius.

135 1616 263 1686 pestem
277 1609 330 1672 die
339 1616 500 1684 praeturas
514 1607 587 1670 iacti
600 1608 660 1684 Ap.
677 1608 820 1676 clemins
834 1605 1039 1668 PulclierSer.
1050 1607 1116 1668 Sul·

135 1692 237 1769 picium
259 1692 354 1754 Galba
374 1692 408 1766 II·
422 1693 580 1760 Terentius
601 1691 705 1753 cullen
719 1687 754 1752 L.
767 1689 927 1758 Terentius
940 1691 1121 1755 Massaliota

137 1775 314 1851 Mulvius
330 1775 461 1846 Flaccus
475 1774 515 1837 II.
529 1775 639 1836 Furius
660 1774 831 1850 Crassipes.
867 1775 996 1840 canitis
1018 1777 1119 1850 perte

137 1859 206 1933 ctis,
221 1875 299 1934 quas
313 1855 492 1934 prouincias
504 1857 698 1934 praetoribus
712 1874 785 1920 esse
795 1861 941 1934 planesel,
954 1860 1068 1920 rettulit
1078 1859 1120 1920 ad

136 1949 276 2014 senatum
297 1943 415 2006 censui.
444 1942 646 2004 decreverunt
665 1943 745 2004 duas
763 1943 880 2004 Remea
900 1942 975 2004 iuris
994 1943 1120 2012 emundi

136 2025 336 2100 causacum
351 2033 442 2088 extra
453 2027 578 2099 ltalimn,
597 2023 731 2089 Siciliam
745 2043 784 2092 ac,
797 2025 981 2100 Sardiniam,
993 2027 1071 2089 duas
1087 2027 1119 2086 in

133 2110 230 2185 ItaIia,
243 2110 407 2184 umentem
422 2116 452 2170 et
467 2107 603 2172 Galliam.
640 2116 671 2172 et
683 2113 856 2186 extemplo,
868 2110 1048 2186 priusquam
1063 2109 1118 2172 ini·

133 2200 203 2256 rent
221 2193 447 2269 magistratum,
467 2193 570 2254 sortiri
585 2194 673 2268 iussi.
709 2193 777 2256 Ser.
791 2195 945 2270 Sulpicius
959 2193 1117 2267 urbanam,

136 2277 170 2352 t).
190 2277 349 2340 Terentius
370 2279 631 2353 peregrinantem
651 2280 792 2350 sortitus,
813 2280 847 2338 L.
861 2279 1019 2342 Terentius
1042 2277 1118 2338 Sici-

134 2361 221 2436 liam,
242 2361 276 2435 0.
290 2360 417 2421 iuvius
433 2359 619 2433 Sardiniam,
641 2363 703 2436 llp.⁴
722 2361 867 2420 clareins
881 2363 1053 2434 Tarentum,
1075 2361 1116 2422 Μ.

134 2443 245 2506 Furius
261 2444 396 2506 Galliam.

218 2527 265 2590 Eo
285 2544 366 2588 anno
388 2527 421 2587 L.
437 2525 588 2586 Minucius
608 2525 749 2603 Myrtilus
771 2524 847 2586 etL.
862 2524 1008 2598 Manlius,
1034 2525 1118 2600 qued

133 2613 254 2688 legatos
262 2609 529 2685 carthaginienses
540 2611 684 2684 pulsasse
695 2609 881 2679 dicebantur,
890 2608 1023 2670 iussulll.
1031 2609 1117 2669 Clau·

134 2695 177 2774 dii
193 2695 343 2771 praetoris
363 2693 449 2756 urbis
470 2709 526 2770 per
538 2693 668 2762 ,fetiales
680 2694 780 2754 traditi
794 2699 866 2754 sunt
878 2693 987 2766 legatis
1002 2699 1032 2752 et
1047 2691 1116 2752 Car·

125 2779 290 2856 maguum.
301 2777 410 2842 euecti.

218 2863 254 2922 Ia
265 2861 429 2938 Liguribus
449 2861 552 2938 magni
573 2861 643 2923 belli
664 2867 694 2922 et
713 2859 869 2936 gliscentis
890 2861 920 2920 in
936 2861 1006 2921 dies
1018 2860 1116 2935 inagis

136 2948 217 3008 lama
232 2953 305 3020 erat
327 2947 432 3023 itaque
447 2947 625 3008 consulibus
641 2946 738 3018 nevis,
754 2961 815 3021 quo
830 2944 880 3004 cie
895 2946 935 3006 de
948 2943 1116 3021 provinciis

134 3039 168 3094 et
179 3033 219 3092 ile
232 3047 268 3092 re
280 3029 405 3108 publica
415 3031 602 3104 rettulerunt,
618 3036 743 3090 senatus
754 3029 894 3104 utrisque
905 3029 1032 3104 Ligures
1046 3044 1116 3103 pro·

133 3115 266 3178 vinciam
286 3115 432 3176 decrevit.
464 3111 536 3176 huie
557 3119 683 3177 senatus
700 3115 841 3174 consulto
856 3113 993 3188 Lepidus
1007 3114 1116 3173 consul

133 3199 359 3274 intercedebat,
381 3196 539 3272 indignum
558 3211 629 3256 esse
651 3197 833 3272 praedirans
848 3199 994 3258 consules
1008 3196 1115 3256 ambos

133 3285 166 3344 in
187 3285 283 3345 valles
303 3281 450 3358 Ligaunus
473 3279 602 3355 includi,
625 3279 666 3343 III.
687 3280 826 3342 Fulvium
847 3287 877 3342 ei
897 3279 950 3339 Cn.
972 3279 1116 3338 Manlium

133 3367 291 3428 biennium
312 3366 388 3440 iarn,
408 3367 535 3426 altermn
556 3363 586 3424 in
600 3363 725 3439 Europa
739 3365 864 3424 alierum
878 3363 909 3422 in
923 3363 1014 3435 Asia,
1033 3362 1117 3421 velut

137 3467 196 3513 nro
209 3449 350 3526 Philippa
367 3455 460 3526 atque
470 3447 622 3510 Antioche
635 3448 819 3508 substitutos
830 3461 969 3521 regnare.
991 3446 1017 3506 si
1028 3459 1115 3506 exer-
