2506 3898
235 205 511 268 hlBquxxvli.
535 207 909 288 CAP.45.46.[2.0.1eo]
1003 200 1064 271 301

84 358 215 430 animos,
230 356 283 432 qui
296 361 422 418 nostrae
435 355 545 418 manus
561 364 642 431 sunt,
660 358 787 422 eosdem
802 360 833 420 in
850 360 930 420 omni
945 361 1066 420 fortuna
1128 433 1129 436 Ἴ
1235 385 1236 398 2

83 441 238 518 gessimus
254 439 461 516 gerimusque,
477 455 579 516 neque
593 457 649 504 eos
663 441 820 504 secundae
830 459 881 504 res
893 445 1067 504 extulerunt

83 541 144 588 nec
156 524 308 587 advorsae
322 523 504 586 minuerunt.
542 525 608 585 eius
621 524 677 604 rei,
691 533 725 586 ut
735 527 816 588 alios
827 527 971 602 omnum,
984 527 1059 586 itan·

83 608 218 670 nibalem
231 613 368 670 vestrum
381 607 471 668 vobis
484 615 595 670 testam
610 609 724 685 darem,
742 608 801 672 nisi
815 626 874 672 vos
888 611 977 688 ipsos
993 611 1066 670 darc

84 708 224 768 possem.
261 697 426 766 postquam
440 693 615 754 traiecimus
629 693 871 770 Hellespontum,
886 695 1066 770 pruisquam

84 782 189 838 castra
202 775 297 848 rogia
309 774 492 850 priusquam
505 777 604 838 aciem
617 777 801 850 uideremus,
818 793 886 838 curn
897 776 1067 838 communis
1132 845 1136 854 Ἴ

82 861 170 922 Mars
185 866 215 919 et
229 859 366 920 incanus
379 859 451 920 belli
466 867 596 921 evocatus
610 869 703 935 esset,
722 862 763 921 de
778 877 856 937 pace
870 861 959 922 vobis
974 875 1068 936 ogen-

84 945 168 1006 tibus
184 955 369 1018 quasplures
384 942 510 1019 paribus
525 945 700 1005 serebamus
714 945 923 1020 condiciones,
941 946 1067 1006 casdem

84 1043 169 1092 nunc
196 1026 330 1104 uiatores
358 1027 448 1087 victis
474 1027 608 1088 leuans.
642 1027 768 1104 Europa
795 1027 961 1098 abstinctc;
991 1029 1068 1088 Asia

85 1110 171 1173 omni
194 1125 273 1186 quae
289 1111 332 1171 cis
347 1113 478 1171 Taurum
492 1118 688 1172 montem-est
702 1112 849 1172 decedito.
879 1129 937 1188 pro
952 1113 1067 1186 impen-

86 1197 133 1256 sis
153 1193 268 1256 dcinde
287 1196 319 1254 iu
332 1193 445 1257 bellum
460 1195 548 1256 lactis
564 1195 739 1270 quindecim
752 1197 834 1258 milia
848 1198 993 1256 talentum
1007 1195 1067 1254 Eu·
1096 1219 1100 1227 ⁴

83 1277 248 1340 boicarum
262 1277 382 1353 dabitis,
398 1279 563 1354 quingenta
574 1280 757 1355 praesentio,
773 1281 835 1341 duo
846 1280 928 1340 milia
940 1287 970 1340 et
980 1277 1068 1354 quin·

85 1369 189 1438 genta,
205 1378 274 1424 cum
289 1369 414 1426 senatus
430 1363 626 1440 populusque
636 1365 794 1424 Romanus
806 1379 915 1439 pacem
927 1379 1067 1438 compro·

84 1445 244 1517 boveriam
276 1443 359 1507 milia
385 1447 496 1507 deinde
520 1447 664 1508 talentum
689 1463 745 1523 per
771 1447 933 1510 duodecim
959 1461 1068 1506 annos.

86 1531 218 1592 Eumeni
233 1546 359 1607 quoque
373 1530 461 1590 reddi
476 1531 700 1606 quadringenta
713 1533 841 1606 talenta,
863 1539 893 1591 ct
908 1531 992 1606 quod
1006 1531 1067 1589 lru-

86 1615 181 1675 menti
192 1616 344 1691 reliquum
356 1631 395 1674 cx
406 1624 453 1687 eo,
468 1617 551 1688 quod
562 1616 640 1692 patri
653 1616 786 1676 debitum
799 1623 855 1689 est
867 1618 975 1692 placet.
991 1613 1068 1674 haec

40 1743 43 1750 «
94 1716 158 1763 tum
179 1699 400 1774 maluerimus,
424 1698 557 1759 lacturos
578 1715 636 1758 vos
655 1708 690 1760 ut
709 1715 765 1774 pro
788 1706 870 1760 certo
891 1699 1067 1772 habeamus,

88 1783 146 1844 erit
161 1783 285 1858 quidem
299 1781 424 1858 aliquod
437 1783 559 1856 pignuS,
576 1783 602 1842 si
618 1781 743 1843 obsides
754 1783 859 1857 viginti
872 1789 977 1843 nostro
989 1781 1067 1841 arbi·

88 1874 170 1928 tratu
185 1865 312 1928 dabitisa
335 1866 392 1927 sed
406 1881 572 1940 numquam
584 1865 659 1926 satis
669 1865 796 1939 liquebit
808 1865 897 1926 nobis
908 1865 949 1924 ibi
961 1880 1068 1938 pacem

88 1966 162 2012 esse
176 1951 292 2026 populo
307 1951 463 2022 Romano,
476 1949 529 2009 ubi
542 1949 692 2009 Hannibal
708 1949 772 2009 erit
801 1964 869 2010 eum
884 1955 954 2008 ante
968 1947 1069 2008 omnia

89 2033 298 2110 deposcimus.
320 2033 488 2094 Thoantem
503 2048 628 2108 quoque
641 2033 793 2108 Aetolum,
809 2032 993 2094 concitorem
1008 2033 1068 2090 Ae·

88 2117 175 2180 tolici
187 2117 337 2194 belli-qui
351 2124 382 2178 et
395 2117 515 2178 illorum
529 2117 642 2178 fiducia
657 2133 713 2178 vos
729 2125 760 2178 et
772 2125 875 2179 vestra
888 2117 957 2178 illos
969 2117 998 2175 in
1010 2129 1068 2174 nos

88 2201 232 2276 armavit,
258 2201 392 2274 dedetis,
418 2207 447 2260 et
468 2217 537 2261 cum
558 2217 595 2264 eo
615 2201 837 2263 Mnasilochum
859 2203 1021 2262 Acarnana
1036 2207 1070 2260 act

89 2285 302 2348 Clralcidcnsis
312 2283 471 2344 Philonem
483 2293 513 2346 et
522 2285 710 2345 Eubulidam.
733 2285 1069 2348 indeterioresualor·

89 2379 165 2431 tuna
181 2384 288 2446 pacem
301 2369 393 2430 locict
405 2384 470 2443 rex,
486 2368 558 2444 quia
572 2367 672 2429 serius
687 2368 774 2443 lacit,
791 2385 882 2444 quam
897 2371 999 2429 lacere
1014 2384 1069 2442 po-

90 2455 156 2516 tuit.
180 2453 208 2514 si
221 2469 302 2514 nunc
315 2459 452 2514 maratus
467 2449 566 2522 luerit,
583 2450 662 2512 sciat
671 2467 777 2525 rogum
788 2452 978 2512 maiestatem
990 2451 1069 2510 dilli-

90 2537 181 2600 cilius
193 2536 232 2598 ab
242 2552 361 2600 summo
372 2536 495 2612 fastigio
508 2535 548 2594 ad
556 2535 690 2595 medium
701 2535 816 2594 detrahi
831 2551 922 2610 quam
934 2533 1069 2593 amediis

89 2620 440 2697 adimamaectpiuric‘
462 2635 531 2680 oum
542 2617 579 2680 iis
591 2619 741 2679 mandatis
753 2619 792 2678 ab
802 2634 875 2694 rogo
886 2615 974 2678 missi
986 2624 1072 2676 arant

89 2706 199 2782 legati,
220 2712 253 2766 ut
273 2719 395 2766 omnem
415 2704 502 2780 pacis
525 2703 735 2764 condicionem
749 2703 932 2779 acciperent.
967 2699 1092 2784 itaque

89 2791 222 2850 Romam
236 2787 311 2850 mitti
324 2790 442 2862 legatos
457 2787 580 2863 placuit.
603 2787 710 2848 consul
726 2788 756 2847 in
766 2787 894 2848 hiberna
904 2786 1069 2848 exercitum

89 2872 283 2948 Magnesiam
298 2873 339 2932 ad
353 2871 552 2933 Maeandrum
566 2878 598 2932 et
606 2872 712 2931 Trallis
723 2871 944 2948 Ephesumque
955 2867 1071 2932 divisit.

90 2956 251 3031 Ephesum
272 2957 312 3016 ad
326 2956 485 3017 consulem
504 2971 622 3032 paucos
636 2964 708 3032 post
722 2957 789 3016 dies
805 2957 931 3018 obsides
945 2956 984 3016 ab
998 2969 1072 3028 rege

92 3039 219 3102 adducti
234 3047 313 3113 suut,
328 3040 463 3115 allegati
477 3039 529 3116 qui
543 3041 670 3102 Romam
685 3039 763 3101 irent
777 3047 933 3102 venerunt.
962 3039 1071 3098 Eume·

92 3140 151 3186 nes
177 3138 303 3200 quoque
328 3124 439 3186 eodem
458 3131 596 3199 tempore
617 3125 773 3199 proiectus
794 3131 842 3185 est
861 3125 989 3184 Romam
1010 3137 1071 3196 quo

93 3208 186 3284 legati
205 3208 297 3284 regis.
327 3215 452 3270 secutae
471 3223 527 3268 cos
549 3215 621 3269 sunt
639 3207 808 3283 legationes
832 3207 963 3268 omnium
978 3205 1072 3264 Asiae

95 3293 291 3368 populorum.
999 3297 1005 3307 ‘

177 3377 282 3438 XLVI.
303 3378 383 3438 Dum
393 3375 512 3437 haecin
521 3375 598 3438 Asia
607 3383 761 3450 gerantur,
775 3375 835 3436 duo
850 3374 913 3434 lene
923 3373 980 3432 sub
992 3371 1072 3432 idem

96 3467 218 3538 tempus
239 3475 308 3522 cum
330 3459 472 3538 triumphi
486 3475 544 3536 spe
558 3462 760 3538 proconsules
776 3459 815 3518 de
829 3455 996 3534 provinciis
1012 3455 1071 3516 Ro·
