2482 3902
153 247 214 310 100
291 241 407 304 LIBER
420 239 553 302 XXXIII.
575 238 658 299 CAP.
674 246 716 302 19.
731 247 776 301 20·
798 243 836 313 [a.
847 242 883 297 tt.
895 259 920 296 c.
930 242 994 312 555]

150 417 222 462 num
232 397 264 460 in
275 395 404 474 proelio,
415 392 513 454 maior
525 390 670 468 cupidine
681 390 853 467 praedandi
864 391 967 467 palata
977 406 1136 468 peragras

150 499 244 548 caesa
257 489 315 544 est
337 478 451 556 quibus
466 479 540 554 iuga
553 476 584 536 in
600 475 747 552 expedito
763 475 833 552 tuit,
848 491 889 537 ne
902 483 1052 553 temptato
1068 475 1135 552 qui-

150 571 221 630 denr
236 582 312 628 casu
326 579 450 640 pugnae
464 559 495 622 in
510 562 589 622 fines
602 577 679 623 suos
693 559 859 622 redierunt.
882 577 920 621 ea
934 575 997 621 unu
1007 559 1136 636 expedi·

149 653 233 716 tione
245 665 310 711 non
324 664 381 726 pro
392 645 513 722 reliquo
529 653 611 707 statu
625 647 765 708 fortunae
775 647 858 706 tacta
868 643 993 706 reiectis
1008 659 1137 706 suorum

150 734 260 797 animis
273 729 527 794 Thessalonicam
542 745 615 791 sese
628 729 755 806 recepit

232 818 301 878 Non
312 825 375 878 tam
385 815 417 876 in
428 823 567 891 tempore
574 813 722 876 Punicum
732 814 846 878 beilum
858 813 1054 876 terminatum
1061 821 1137 888 erat,

150 920 189 964 ne
200 902 291 966 simul
303 897 558 976 eteunmuippo
572 901 650 962 iorct
659 899 845 971 bellandum,
860 906 1137 974 quumopportune

149 988 211 1050 iam
223 985 379 1048 Antiocho
393 1001 434 1045 ex
448 982 540 1063 Syria
553 991 698 1045 movente
711 983 826 1044 beilum
839 981 999 1058 Philippus
1020 989 1070 1043 est
1085 999 1136 1044 su·

149 1079 292 1151 paratust
318 1085 389 1130 nam
414 1075 630 1144 praeterquam
651 1049 737 1144 quoi
758 1066 879 1128 facilius
901 1083 972 1127 cum
993 1065 1135 1142 singuiis,

151 1171 244 1234 quam
259 1154 332 1217 siin
343 1171 438 1216 unum
452 1153 542 1215 ambo
559 1152 649 1216 simul
663 1152 867 1214 eontulissent
879 1150 973 1225 vires,
989 1151 1138 1213 bellatum

151 1251 208 1314 est,
223 1238 374 1316 Hispania
388 1254 515 1316 quoque
529 1238 586 1298 sub
601 1237 682 1299 idem
693 1245 815 1313 tempus
826 1252 939 1312 magno
954 1237 1086 1298 tumultu
1097 1237 1139 1296 ad

150 1326 264 1388 tetiam
278 1323 482 1386 consurrexit.
517 1321 688 1384 Antiochus
704 1337 773 1383 eum
788 1319 891 1397 priore
905 1327 1024 1383 aestate
1039 1320 1138 1382 omui-

150 1411 211 1470 bus
226 1408 353 1484 quaein
368 1407 461 1467 coele
477 1405 568 1484 Syria
583 1415 654 1468 sunt
669 1404 843 1468 civitatibus
858 1421 899 1467 ex
912 1404 1080 1466 Ptolemaei
1092 1403 1138 1465 di-

152 1493 242 1556 eione
256 1491 288 1551 in
303 1507 391 1554 suam
406 1496 590 1565 potestatem
603 1487 737 1552 redactis
749 1489 781 1549 in
795 1488 924 1551 hiberna
939 1487 1138 1552 Antiochiam

152 1574 377 1646 concessisset,
406 1572 500 1633 nihilo
527 1572 679 1648 quietiora
702 1591 741 1635 ea
764 1573 844 1649 ipsis
867 1573 994 1636 aestivis
1018 1572 1138 1637 habuit.

153 1659 295 1722 omuibus
309 1657 391 1718 enim
404 1656 492 1732 regni
508 1656 624 1718 viribus
639 1657 771 1719 conixus
792 1673 861 1720 curn
874 1658 1011 1734 ingentis
1026 1659 1139 1738 copias

151 1737 306 1805 terrestris
334 1739 562 1816 maritimasque
590 1750 822 1818 comparasset,
858 1741 1012 1819 principio
1041 1741 1138 1810 veris,

151 1823 333 1904 praemissis
347 1833 429 1886 terra
444 1841 514 1886 oum
527 1825 666 1888 exercitu
680 1825 752 1888 ultis
767 1827 889 1888 duobus
904 1827 1013 1905 Ardye
1028 1841 1067 1888 ac
1079 1824 1139 1886 Mi-

151 1909 291 1984 thridate,
307 1909 466 1987 iussisque
481 1909 630 1972 Sardibus
646 1927 682 1972 se
697 1911 847 1988 opperiri,
862 1910 932 1988 ipse
947 1912 1139 1977 cumulasse

154 2003 274 2058 centum
289 2001 437 2056 tectarum
451 1993 590 2069 navium,
610 1995 651 2056 ad
664 1995 725 2057 hoc
739 1995 908 2057 levioribus
922 1994 1054 2072 navigiis
1069 2011 1138 2056 cen

154 2079 300 2159 pyrisque
314 2095 351 2138 no
366 2079 475 2140 lembis
491 2077 646 2152 ducentis,
662 2079 877 2155 proficiscitur,
895 2079 985 2142 sinui
998 2095 1058 2156 per
1070 2095 1139 2140 onr-

153 2181 223 2224 nem
238 2179 323 2224 oram
338 2161 461 2223 ciliciae
475 2161 653 2239 Lyciaeque
665 2172 696 2226 et
707 2163 813 2226 Cariae
823 2173 1025 2241 temptaturus
1039 2165 1138 2226 urbes

154 2263 234 2324 quae
247 2246 280 2306 in
294 2244 416 2307 dicione
423 2246 589 2308 Ptolemaei
603 2257 718 2334 essent,
730 2248 821 2310 simui
834 2247 1138 2324 Philippum-nec·

154 2333 226 2392 dum
245 2329 327 2392 enim
347 2329 533 2392 debellatum
552 2341 674 2394 erat-
688 2332 825 2394 exercitu
839 2332 1035 2410 navibusque
1049 2331 1138 2394 adiu·

153 2425 250 2478 turus.

234 2499 298 2562 XX.
333 2500 428 2561 Multa
449 2499 572 2578 egregie
592 2499 706 2562 Rhodii
727 2517 783 2578 pro
804 2501 867 2562 fide
892 2517 966 2579 erga
986 2502 1139 2578 populum

154 2587 325 2648 Romanurn
338 2601 460 2662 proque
474 2585 619 2648 universo
634 2584 757 2647 nomine
775 2585 963 2648 Graecorum
977 2593 1059 2648 terra
1072 2601 1139 2650 ma·

152 2669 249 2746 rique
255 2669 325 2731 ausi
340 2678 425 2732 sunt:
445 2667 520 2731 nihil
534 2668 779 2748 magnificentius
801 2686 895 2748 quum
909 2671 995 2746 quod
1008 2685 1048 2732 ea
1061 2678 1140 2731 tem·

153 2760 284 2828 pestate,
298 2753 468 2814 conterriti
480 2763 563 2816 mnu
573 2755 654 2816 mole
668 2753 854 2816 imminentis
864 2753 947 2832 beiti,
962 2756 1082 2830 legatos
1098 2753 1141 2815 ad

151 2851 257 2912 regem
270 2835 429 2911 misemnt‚
443 2852 483 2896 ne
498 2836 693 2900 chelidonias
703 2871 747 2883 —
760 2838 1004 2915 promunturium
1015 2837 1141 2900 Ciliciae

154 2927 210 2993 ost,
225 2917 374 2981 inclutum
388 2920 515 2981 foedere
528 2920 655 2998 anhquc
670 2922 906 2986 Atheniensium
925 2940 997 2986 oum
1010 2922 1140 3000 regibus

152 3003 314 3064 Persarum
327 3035 369 3048 -
383 3012 553 3080 superaret.
577 3005 605 3066 si
615 3023 654 3068 ec
667 3006 729 3068 tine
743 3023 805 3070 nou
820 3007 991 3070 contineret
1004 3009 1141 3070 classem

154 3085 325 3163 copiasque
340 3103 430 3161 sues,
447 3105 483 3150 ee
498 3088 621 3151 obviam
635 3089 748 3168 ituros,
763 3109 827 3154 non
841 3093 881 3154 ab
896 3092 969 3154 odio
983 3093 1064 3166 uilo,
1081 3090 1141 3153 sed

152 3188 192 3232 ue
206 3171 352 3250 coniungi
365 3189 437 3234 eum
449 3171 590 3254 Phiiippo
602 3183 780 3252 paterentur
791 3184 822 3240 et
832 3175 1052 3254 impedimento
1065 3191 1142 3238 esse

151 3257 299 3318 Romanis
314 3257 514 3323 itinerantibus
528 3259 698 3322 Graeciam.
729 3260 928 3324 coracesium
942 3278 980 3322 eo
995 3271 1142 3336 tempore

152 3339 323 3402 Antiochus
346 3341 492 3418 operibus
514 3346 724 3424 oppugnabat.
772 3345 929 3426 zephyrio
950 3353 982 3407 et
1002 3344 1087 3408 Solis
1109 3351 1142 3406 et

152 3423 555 3505 Aphrodisiadeetcorycc,
567 3437 598 3490 et
609 3438 755 3506 superato
764 3430 932 3492 Anemurio
941 3463 983 3474 -
991 3445 1143 3506 promun-

153 3505 264 3568 tunium
277 3507 309 3568 id
325 3527 449 3584 quoque
465 3509 588 3574 Ciliciae
603 3523 652 3574 est
662 3545 704 3558 -
716 3513 874 3576 Selinunte
885 3523 1023 3592 recepto,
1041 3510 1142 3576 omni-
