2482 3902
207 253 252 318 98
343 253 459 315 LIBER
472 253 605 316 xxxlll.
629 252 702 314 CAP
730 260 771 316 lt.
788 262 830 316 18.
854 259 890 354 [a.
906 259 942 310 U·
959 273 982 311 c.
997 258 1058 326 eccl

210 405 336 484 quidam
349 405 446 468 Italici
460 405 598 481 generis,
613 403 758 465 Leucade
773 402 961 477 habitantes,
976 403 1015 464 ab
1029 418 1098 464 arce
1111 399 1173 464 mili·

210 499 256 553 tes
271 487 475 566 accepissent.
497 505 554 550 eos
571 497 671 550 amen
686 505 726 549 ex
740 486 902 563 superiore
914 487 984 548 loco
1000 502 1173 562 magnacum

208 575 339 636 tumultu
352 573 570 647 decurrentes,
585 571 652 633 acie
667 571 698 632 in
714 573 781 633 loro
795 570 959 644 instructa,
974 569 1055 632 iusto
1071 570 1172 647 proelio

208 657 398 734 aliquamdiu
411 656 559 718 Leucadii
573 655 793 718 sustinuerunt.
814 653 935 716 interim
949 663 981 716 et
994 654 1085 715 scalis
1099 664 1174 730 capta

208 741 311 802 multis
335 740 413 802 locis
435 739 572 812 moenia,
600 748 630 801 et
651 755 707 816 per
729 749 862 815 stragem
883 737 1021 814 lapidum
1036 755 1072 798 ac
1085 738 1172 799 ruinas

209 835 422 888 transcensum
436 824 467 884 in
481 825 598 886 urbem.
639 823 763 900 iamque
783 823 852 898 ipse
872 823 992 898 legatus
1013 839 1119 898 magno
1132 839 1173 897 ag·

208 909 289 970 mine
305 907 547 972 circumvenerat
561 917 744 984 pugnantes.
769 917 832 969 tum
846 923 920 984 pars
935 905 966 966 in
979 907 1082 968 medio
1096 906 1171 978 caesi,

207 1010 281 1070 pars
296 993 389 1055 armis
404 991 533 1054 abiectis
548 992 732 1053 dediderunt
747 1007 818 1054 sese
832 990 950 1052 victori.
986 999 1018 1052 et
1038 999 1108 1067 post
1119 989 1171 1050 dies

207 1093 337 1154 paucos,
351 1076 455 1139 audito
470 1075 606 1153 proelio,
622 1093 685 1154 quc
701 1078 738 1137 ad
756 1073 1009 1153 Cynoscephalas
1025 1083 1171 1151 pugnatun

207 1169 282 1236 erat,
297 1177 406 1224 omnes
426 1160 621 1223 Acarnaniae
643 1160 750 1236 populi
771 1159 802 1220 in
824 1157 976 1220 dicionem
991 1159 1083 1234 legati
1096 1175 1170 1219 vene·

207 1253 286 1307 runt.

289 1329 388 1390 XVlll
409 1327 522 1390 lisdem
534 1327 654 1401 diebus,
668 1325 770 1389 omnia
782 1325 872 1387 simul
883 1324 1051 1388 inclinante
1062 1329 1169 1398 lortuna,

206 1411 319 1474 Rhodii
342 1429 467 1488 quoquc
488 1411 529 1472 ad
555 1411 771 1473 vindicandam
787 1427 815 1471 a
838 1409 980 1486 Philippo
1007 1409 1170 1472 continentis

206 1497 564 1572 regionem-Peraeam
572 1505 922 1572 vocant-possessam
933 1493 1099 1556 maioribus
1110 1491 1169 1563 suis,

205 1579 426 1642 Pausistratum
446 1587 620 1656 praetorem
643 1596 712 1641 cum
733 1577 916 1655 octingentis
931 1578 1067 1640 Achaeis
1081 1575 1170 1654 pediti·

205 1666 274 1736 bus,
291 1663 372 1723 mille
387 1671 418 1726 et
431 1661 595 1739 nongentis
611 1664 675 1725 iere
689 1663 814 1724 armatis
825 1679 866 1724 ex
877 1661 962 1723 vario
974 1678 1089 1738 genere
1101 1660 1170 1722 auxi·

205 1747 316 1809 liorum
331 1746 479 1822 collectis,
494 1746 657 1820 miserunt;
673 1747 750 1808 Galli
764 1755 795 1808 et
807 1746 949 1809 Pisuetae
961 1755 991 1808 et
1002 1747 1140 1810 Nisuetae
1149 1753 1171 1805 et

204 1829 341 1892 Tamiani
362 1839 393 1894 et
414 1830 488 1894 Arei
510 1847 551 1893 ex
570 1831 677 1893 Africa
697 1839 728 1894 et
747 1830 915 1893 Laodiceni
935 1847 975 1892 ex
995 1831 1074 1894 Asia
1093 1837 1170 1894 erant.

206 1932 276 1978 cum
290 1915 328 1976 iis
344 1913 658 1993 copiisPausistratus
672 1916 817 1978 Tendeba
831 1915 862 1976 in
875 1915 1097 1978 Stratonicensi
1111 1929 1169 1990 agro

206 2002 307 2062 locum
321 2009 586 2079 peropportunum
600 1999 715 2078 ignaris
726 1999 829 2076 regiis,
846 1999 899 2076 qui
910 2008 1081 2076 tenuerant,
1096 2015 1170 2062 occu·

204 2083 297 2161 pavit.
320 2084 351 2144 in
366 2091 504 2160 tempore
519 2093 550 2146 et
564 2085 604 2146 ad
619 2085 650 2146 id
666 2085 767 2161 ipsum
783 2083 916 2146 excitum
928 2084 1092 2158 auxilium,
1105 2082 1170 2144 mille

203 2166 322 2229 Achaei
352 2167 473 2244 pedites
500 2185 569 2229 cum
598 2177 719 2232 centum
744 2169 900 2246 equitibus
926 2175 1169 2246 supervencmnc

203 2251 388 2312 Theoxenus
403 2249 442 2312 iis
456 2261 608 2328 praeerat.
629 2253 811 2315 Dinocrates
826 2252 930 2330 regius
946 2256 1121 2330 praelectus
1133 2267 1170 2310 re·

203 2334 363 2412 ciperandi
389 2335 507 2398 castelli
532 2351 628 2398 causa
648 2337 747 2414 primo
769 2346 871 2399 castra
890 2339 931 2398 ad
951 2337 1023 2414 ipsa
1043 2335 1170 2400 Tendeba
1211 2375 1212 2380 η

202 2427 320 2494 movet,
349 2418 422 2482 inde
442 2421 483 2481 ad
502 2422 632 2483 alterum
652 2423 827 2496 castellum,
852 2421 925 2484 item
946 2420 1169 2486 Stratonicensis

202 2503 283 2582 agri:
298 2505 454 2581 Astragon
469 2514 592 2568 vocant.
633 2506 838 2582 omnibusque
853 2523 893 2568 ex
908 2505 1088 2584 praesidiis,
1103 2517 1170 2580 quae

202 2587 397 2652 multifariam
412 2588 543 2652 disiecta
557 2599 653 2665 erant,
668 2591 838 2666 devocatis,
853 2600 884 2652 et
898 2592 937 2651 ab
951 2589 1022 2667 ipsa
1037 2585 1169 2653 Stratoni-

202 2690 258 2734 cea
271 2673 490 2736 'l'hessalorum
504 2673 720 2750 auxiliaribus,
744 2675 784 2736 ad
805 2675 982 2750 Alabanda,
1005 2674 1057 2736 ubi
1077 2675 1169 2735 hostes

201 2763 296 2852 erant,
313 2757 427 2817 ducere
441 2757 551 2834 pergit.
578 2776 636 2820 nec
651 2757 764 2820 Rhodii
778 2775 914 2835 pugnum
928 2761 1168 2821 detractaverunt

199 2845 243 2900 rte
257 2839 367 2900 castris
383 2841 413 2900 in
429 2840 639 2919 propinquum
654 2841 773 2906 collatis
789 2844 942 2919 extemplo
962 2845 993 2904 in
1011 2842 1108 2905 aciem
1127 2841 1168 2899 de-

201 2937 347 2983 scensuum
369 2931 426 2984 est.
466 2923 648 2988 Dinocrates
670 2926 855 3006 quingentos
869 2927 1058 2989 Macedonas
1073 2927 1167 2988 dextro

200 3020 307 3080 cornu,
318 3005 408 3068 laevo
416 3007 568 3082 Agrianas
581 3013 670 3087 locat,
686 3011 717 3072 in
730 3010 863 3074 medium
875 3011 995 3089 accepit
1007 3015 1167 3073 contractos

199 3105 240 3152 cx
254 3091 598 3157 castellorum—Cares
613 3095 745 3157 maxime
760 3106 894 3158 erant-
904 3094 1077 3172 praesidiis,
1093 3087 1167 3168 equi·
1207 3139 1208 3160 t

198 3182 246 3236 tes
261 3173 405 3237 comibus
421 3175 589 3242 circumdat
600 3178 826 3242 ctcretensium
838 3179 1003 3242 auxiliares
1016 3179 1167 3240 Thracum·
1207 3163 1208 3258 l

199 3276 270 3333 que.
292 3258 405 3322 Rhodii
416 3261 562 3324 Achaeos
573 3264 682 3326 dextro
695 3281 800 3338 cornu,
813 3263 937 3326 sinistro
950 3259 1167 3326 mercennarios
1206 3327 1207 3332 ἵ

199 3341 325 3417 milites,
345 3344 454 3406 lectam
469 3346 606 3421 peditum
620 3363 757 3422 manaan,
778 3349 929 3421 habuere,
951 3347 1070 3410 medios
1083 3345 1167 3405 mixta

199 3439 238 3482 ex
252 3426 391 3500 pluribus
406 3428 547 3505 gentibus
562 3430 690 3506 auxilia,
714 3431 834 3508 equites
843 3433 991 3509 'levisque
1006 3439 1166 3494 armaturae

196 3509 379 3587 quoderat,
398 3513 543 3574 cornibus
564 3512 800 3576 circumiectum.
828 3532 866 3578 eo
882 3515 933 3578 die
948 3521 1096 3579 steterunt
1109 3521 1165 3574 tan·
