2480 3904
161 219 226 286 aaa
336 197 594 278 amaaxxxvt.
618 215 739 276 caua.
764 219 957 287 [auam]

162 373 416 450 supplicationem
435 369 621 445 imperarent
640 371 801 443 consules,
822 369 927 445 utique
947 368 997 428 Μ’.
1021 369 1144 431 Acilius

162 459 270 520 consul
283 455 374 516 ludos
388 467 516 528 magnos
530 453 596 513 lovi
609 459 736 513 voveret
754 459 785 512 et
798 453 880 514 dona
900 453 938 512 ad
955 455 1059 514 omnia
1073 457 1144 528 pul·

161 541 286 602 vinaria.
318 539 350 598 id
370 543 475 598 volum
499 536 530 596 in
550 536 628 596 haec
647 537 758 608 verba,
784 543 951 612 praeeunte
970 536 1002 595 P.
1023 537 1145 598 Licinio

103 663 109 673 ·
161 623 307 702 pontilice
320 621 469 694 maximo,
485 621 593 680 consul
607 620 804 695 nuncupavit
831 619 879 693 „si
899 621 1034 680 drrellum
1056 623 1146 697 quod
1230 691 1231 698 ἵ

162 723 231 769 cum
245 721 319 780 rege
332 703 484 765 Antiocho
499 704 578 764 sumi
593 704 728 778 populus
749 704 853 778 iussit,
874 705 906 764 id
926 719 965 763 ex
987 707 1147 764 sententia

161 797 287 853 senatus
302 789 471 864 populique
484 788 613 848 Romani
628 789 801 848 conlectum
815 788 887 861 erit,
906 794 970 848 tum
984 789 1054 860 tibi,
1071 790 1143 864 Iup-

161 877 255 952 piter,
276 871 411 948 populus
426 872 583 933 Romanus
603 873 695 932 ludos
714 886 844 946 magnos
859 871 927 932 dies
942 871 1051 931 decem
1068 889 1145 933 oon-

160 960 264 1019 tinuoe
278 957 383 1028 faciet,
405 956 551 1031 donaque
572 956 611 1014 ad
626 955 728 1016 omnia
747 955 918 1030 pulvinaria
932 954 1090 1034 dabuntur·
1105 958 1145 1016 de

161 1041 306 1119 pecunia,
323 1047 466 1116 quantam
481 1048 607 1101 senatus
624 1039 803 1100 decreverit.
826 1041 969 1115 quisquis
979 1041 1142 1114 magistra-

160 1137 210 1189 tus
225 1141 281 1187 eos
296 1125 387 1186 ludos
403 1124 527 1199 quando
541 1124 657 1199 ubique
670 1123 760 1195 laxit,
776 1123 807 1183 hi
820 1123 883 1184 ludi
897 1129 982 1183 recte
997 1125 1072 1184 lacti
1087 1124 1143 1186 do·
1231 1179 1232 1190 ,

149 1225 263 1292 ‘traque
277 1210 349 1270 data
362 1217 445 1270 recte
459 1213 579 1270 sunto.“
601 1208 784 1283 supplicatio
796 1208 868 1267 inde
879 1207 918 1266 ah
931 1206 1055 1267 duobus
1068 1225 1135 1268 con·
1231 1203 1232 1236 ³

161 1295 279 1356 sulihus
293 1294 393 1354 edicta
408 1308 463 1368 per
479 1293 605 1352 biduum
619 1292 682 1352 luit.

246 1377 430 1440 consulibus
445 1377 559 1436 sortitis
575 1376 749 1450 provincias
764 1376 918 1450 extemplo
933 1383 964 1435 et
978 1383 1141 1451 praetores

161 1463 257 1524 sortiti
272 1469 351 1523 sunt.
381 1461 421 1520 Μ.
437 1460 522 1520 lunio
537 1460 631 1518 Bruto
646 1458 814 1519 iurisdictio
829 1465 960 1534 utraque
974 1461 1086 1533 evenit,
1102 1465 1140 1519 A.

162 1547 301 1612 Cornelio
323 1544 506 1604 Mammulae
528 1543 651 1616 Bruttii,
676 1542 716 1602 Μ.
734 1542 864 1603 Aemilia
884 1543 1003 1618 Lepido
1026 1542 1140 1618 Sicilia,

159 1633 192 1692 L.
209 1630 309 1705 Oppio
326 1627 485 1688 Salinatori
503 1626 656 1699 Sardinia,
679 1625 710 1687 c.
725 1627 811 1687 Livio
833 1624 995 1688 Salinatori
1017 1629 1140 1703 classis,

160 1715 193 1774 L.
208 1712 338 1772 Aemilio
352 1711 446 1771 Paulo
460 1711 610 1786 Hispania
628 1710 762 1772 ulterior.
790 1708 839 1770 his
860 1711 901 1770 ita
915 1712 1071 1772 exercitus
1086 1713 1140 1772 de

161 1798 244 1858 creti.
267 1799 304 1856 A.
322 1795 461 1857 cornelio
476 1797 548 1857 novi
562 1796 686 1871 milites,
703 1795 869 1869 conscripti
884 1795 988 1870 priore
1002 1812 1085 1857 anno
1100 1811 1140 1856 ex

161 1887 287 1944 senatus
303 1881 443 1942 consulto
455 1881 518 1940 aL.
530 1881 668 1956 Quinctio
681 1880 823 1950 consule,
840 1879 902 1939 dati
917 1887 1003 1953 sunt,
1019 1880 1139 1941 iussus·

161 1982 222 2043 que
241 1967 318 2026 tueri
339 1980 460 2026 omnem
481 1981 564 2025 oram
586 1965 668 2025 circa
687 1965 849 2024 Tarentum
868 1964 1138 2039 Brundisiumque.

160 2053 192 2112 L.
208 2051 337 2111 Aemilio
351 2049 445 2110 Paulo
466 2049 496 2108 ln
517 2048 692 2108 ulteriorem
705 2046 899 2122 Hispaniam
927 2055 1050 2122 praeter
1070 2063 1138 2107 eum

160 2135 341 2204 exercitum,
364 2130 661 2208 quemamodum
677 2131 866 2205 proconsule
887 2139 1073 2206 accepturus
1090 2147 1134 2190 es·

160 2225 222 2292 set,
241 2217 396 2277 decretum
410 2222 472 2287 est,
494 2221 528 2275 ut
541 2229 691 2275 novorum
705 2214 830 2275 militum
844 2214 902 2274 tria
914 2215 998 2274 milia
1013 2215 1141 2275 duceret
1233 2217 1234 2220 ’

160 2309 191 2361 et
203 2305 357 2361 trecentos
373 2300 509 2374 equites,
531 2298 573 2358 ita
585 2305 620 2358 ut
633 2298 662 2357 in
679 2298 716 2358 iis
732 2298 813 2358 duae
827 2305 932 2374 partes
946 2299 1068 2360 socium
1081 2299 1138 2358 La—

160 2383 212 2446 tini
227 2382 374 2456 nominis,
394 2383 482 2444 tertia
502 2383 612 2443 civium
625 2382 832 2443 Romanorum
846 2389 939 2443 esset.
967 2383 1050 2442 idem
1065 2399 1138 2458 sup·

161 2468 303 2544 piamenti
324 2467 365 2526 ad
386 2467 416 2528 c.
438 2467 631 2540 Flaminium,
656 2466 705 2526 cui
725 2466 884 2541 imperium
905 2465 1139 2542 prorogarentur,

160 2555 190 2612 in
204 2552 382 2628 Hispaniam
404 2551 574 2613 citeriorem
595 2559 643 2612 est
664 2551 800 2614 missum.
832 2549 872 2610 ιι.
887 2549 1036 2611 Aemilius
1049 2551 1138 2626 Lepi-

161 2637 219 2699 dus
232 2637 293 2698 aL.
305 2637 445 2711 Valerio‚
462 2637 511 2697 cui
522 2651 725 2697 successurus
737 2641 830 2708 esset,
846 2635 937 2695 simul
948 2635 1138 2710 provinciam

160 2722 390 2795 exercitumque
403 2721 545 2796 accipere
558 2721 678 2789 iussus;
706 2719 739 2778 L.
755 2718 927 2791 Valerium,
950 2719 977 2778 si
997 2719 1039 2779 ita
1053 2719 1137 2778 vide·

159 2811 257 2877 retur,
279 2819 336 2879 pro
358 2810 500 2878 praetore
520 2803 549 2861 in
565 2802 724 2878 provincia
737 2803 883 2876 retinere,
905 2809 935 2862 et
949 2802 1138 2878 provinciam
1192 2843 1194 2845 -

159 2888 201 2947 ita
215 2888 366 2959 dividere,
381 2893 416 2946 ut
428 2901 490 2946 una
503 2885 541 2946 ab
556 2887 722 2961 Agrigento
738 2887 777 2946 ad
788 2885 966 2964 Pachynum
980 2893 1081 2961 esset,
1096 2889 1138 2946 al·

160 2979 225 3032 tera
238 2987 257 3030 a
270 2969 417 3046 Pachyno
428 2969 638 3048 Tyndareum:
659 2985 727 3030 eam
742 2969 921 3030 maritimam
937 2986 1022 3032 oram
1035 2969 1070 3030 L.
1078 2971 1137 3030 Va-

160 3055 252 3116 lerius
273 3054 383 3130 viginti·
399 3055 529 3114 navibus
551 3054 650 3130 longis
672 3054 846 3116 custodiret.
880 3054 979 3114 eidem
1006 3054 1136 3129 praetori

159 3141 349 3212 mandatum,
375 3145 409 3198 ιιι
433 3139 509 3200 daras
535 3139 681 3200 decumas
702 3138 843 3199 frumenti
869 3137 1021 3214 exigerem
1047 3136 1136 3198 idad

160 3239 243 3285 mare
265 3224 517 3298 comportandum
539 3222 815 3298 devehendumque
831 3223 862 3282 in
877 3221 1037 3282 Graeclam
1051 3237 1135 3282 cura·

160 3315 214 3367 ret.
236 3308 317 3367 idem
331 3307 364 3366 L.
381 3305 479 3382 Oppio
502 3307 541 3366 de
562 3307 664 3366 ulteris
685 3307 823 3367 decumis
845 3305 1005 3382 exigendis
1021 3306 1051 3364 in
1068 3305 1135 3365 Sar-

160 3391 243 3448 dinia
257 3389 451 3465 imperatum
474 3396 607 3450 ceterum
633 3406 693 3451 non
715 3389 745 3449 in
760 3389 918 3450 Graeciam
939 3387 1135 3452 sedRomam

107 3505 110 3513 ·
161 3471 193 3530 id
208 3473 390 3533 trumentum
404 3473 519 3548 portari
535 3475 660 3548 placere
688 3473 719 3532 C.
731 3472 835 3534 Livius
847 3481 983 3550 praetor,
998 3474 1047 3534 cui
1060 3475 1134 3534 clas·
