2480 3904
206 183 466 248 imparatam.
491 186 574 248 cnr.
590 192 1008 270 lamentantem}
1037 191 1099 257 ιιι

173 341 199 391 iu
222 340 378 392 deditionem
405 339 503 404 aceepit
528 347 552 390 et
574 339 607 390 de
633 339 665 389 lis
689 339 862 410 triumphavit.
899 350 1031 408 praetcrea
1056 360 1100 396 ua-

173 408 401 527 ppflgpuptegamiua
424 422 548 474 prospera
573 407 696 458 advenas
724 408 867 474 praefectos
891 411 1010 462 Antiochi
1031 417 1099 480 regis
1141 473 1143 478 Ι

204 593 228 652 l.
254 591 286 651 P.
303 591 475 654 Cornelium
491 593 544 652 cn.
560 594 654 654 lilium
671 590 847 667 Scipionem
861 600 892 654 et
904 593 954 654 Μ’.
969 597 1100 659 Acilium

117 675 316 737 Glabrionem
331 677 476 736 eonsules
491 677 565 737 inito
579 675 756 752 magistratu
777 684 897 752 putres,
919 679 1099 756 priusquam

116 761 158 820 de
175 759 341 836 provinciis
355 766 497 834 agerent,
519 776 570 820 res
591 759 711 820 divinas
733 757 835 820 lacere
856 761 1023 825 maioribus
1044 764 1098 827 ho·

115 843 186 904 stiis
202 843 358 904 iusserunt
370 843 402 903 in
423 844 564 906 omnibus
585 844 676 919 lanis,
697 843 728 902 in
749 843 860 920 quibus
882 845 1098 909 lectisternium

116 928 267 988 maiorem
283 933 399 1001 partem
413 927 485 986 anni
500 928 567 988 lieri
581 929 674 1002 solet,
689 928 886 1003 precarique,
908 931 993 1005 quod
1009 947 1097 992 sena*

116 1018 167 1072 tus
183 1012 224 1071 de
238 1027 319 1071 novo
334 1011 414 1070 bello
430 1011 461 1070 in
477 1011 576 1073 animo
592 1011 732 1084 haberet,
747 1017 781 1071 ut
791 1026 829 1071 ea
842 1026 893 1072 res
909 1015 1027 1076 senatui
1042 1031 1097 1091 po-

115 1097 258 1172 puloque
270 1095 410 1156 Romano
425 1094 504 1156 bene
518 1103 611 1172 atque
630 1095 757 1156 feliciter
772 1095 916 1156 eveniret.
944 1111 982 1156 ca
996 1099 1099 1160 omnia

115 1179 271 1240 sacrificia
283 1180 363 1239 lacta
377 1179 512 1253 luerunt,
535 1178 704 1256 primisque
723 1177 832 1240 hostiis
854 1179 1026 1254 perlitatum
1040 1190 1096 1259 est,

115 1269 147 1324 et
161 1262 205 1324 ita
219 1262 403 1338 haruspices
416 1265 659 1340 responderunt,
681 1279 719 1324 eo
734 1262 815 1324 bello
831 1263 976 1325 terminos
992 1267 1098 1341 populi

115 1347 247 1408 Romani
262 1348 437 1422 propagari,
452 1348 610 1408 victoriam
621 1363 658 1408 ac
669 1346 854 1422 uiumpbum
870 1349 1000 1410 ostendi.
1021 1349 1099 1411 haec

115 1447 188 1492 cum
202 1431 374 1492 renuntiata
388 1440 507 1506 essent,
523 1431 631 1492 solutis
646 1431 794 1507 religione
808 1431 917 1492 animis
930 1439 1033 1508 patres
1046 1449 1096 1494 rc-

114 1515 273 1590 gationem
287 1515 328 1575 ad
341 1516 489 1592 populum
503 1516 574 1576 terri
595 1517 766 1591 iusserunt,
789 1516 901 1576 vellent
918 1515 1097 1580 iuberentne

115 1615 189 1660 cum
202 1599 355 1660 Antiocho
376 1615 463 1675 rege,
490 1601 605 1677 quique
631 1600 697 1660 eius
723 1607 838 1662 sectam
866 1601 963 1660 secuti
982 1610 1096 1677 essent,

114 1682 231 1744 bellum
246 1683 323 1743 iniri.
352 1683 378 1744 si
393 1699 430 1743 eu
445 1685 562 1758 perlata
574 1685 693 1759 rogatio
708 1691 805 1756 esset,
822 1690 899 1758 tum,
915 1684 942 1743 si
957 1685 998 1745 itu
1011 1685 1096 1746 vide·

16 1831 17 1834 Ἴ
114 1773 201 1827 retur
227 1766 420 1842 consulibus,
448 1784 513 1828 rem
538 1768 685 1842 integram
710 1769 751 1828 ad
777 1774 914 1828 senatum
938 1771 1096 1830 referrent.

16 1849 17 1910 ἶ
114 1851 146 1909 Ρ.
160 1851 322 1912 Cornelius
334 1867 400 1910 eam
414 1853 604 1926 rogationem
620 1851 751 1926 pertulit.
773 1858 835 1910 tum
849 1857 975 1912 senatus
990 1854 1096 1913 decre·

116 1933 173 2010 vit,
195 1943 229 1996 ut
249 1937 394 1996 consules
408 1936 525 1996 ltaliam
539 1942 569 1996 et
583 1934 740 1995 Graeciam
760 1935 935 2008 provincias
951 1936 1095 1998 sortiren-

16 2037 17 2040 ’
115 2027 181 2087 tur;
216 2019 264 2078 eui
290 2017 416 2080 Graecia
441 2020 608 2093 evenisset,
641 2027 674 2080 ut
698 2025 820 2095 praeter
844 2033 913 2078 eum
938 2035 1097 2080 nurnerum

114 2101 243 2164 militum
259 2118 350 2178 quem
363 2103 396 2162 L.
413 2103 568 2178 Quinctius
590 2105 698 2164 consul
718 2103 748 2162 in
769 2117 837 2163 eam
851 2101 1042 2178 provinciam
1057 2119 1095 2164 ex

115 2187 298 2248 auctoritate
311 2195 436 2248 senatus
450 2187 628 2262 scripsisset
638 2187 869 2262 imperassetve,
884 2193 918 2247 ut
928 2201 998 2248 eum
1009 2203 1095 2252 exer·

115 2271 211 2330 citum
225 2271 393 2346 acciperet,
410 2287 500 2348 quem
511 2271 551 2330 M.
562 2271 695 2332 Baebius
707 2278 831 2345 praetor
844 2285 925 2332 anno
939 2271 1042 2348 priore
1057 2287 1094 2331 ex

115 2361 246 2415 senatus
261 2357 401 2416 consulto
417 2356 447 2414 in
461 2354 674 2414 Macedoniam
690 2355 871 2414 traiecisset.
893 2360 924 2414 et
937 2361 1024 2414 extra
1038 2355 1094 2415 Ila·

115 2439 187 2498 liam
203 2439 386 2514 permissum
401 2447 448 2512 ut,
469 2439 495 2498 si
515 2454 566 2498 res
588 2439 788 2512 postulasset,
811 2437 924 2496 auxilia
938 2439 977 2496 ab
991 2439 1095 2512 sociis,

115 2538 155 2580 ne
178 2538 275 2598 supra
295 2523 431 2599 quinque
445 2522 560 2582 milium
574 2536 747 2592 numerum,
770 2519 932 2594 acciperet.
953 2519 988 2578 L.
1004 2519 1095 2594 Quin·

114 2607 208 2665 etium
232 2607 401 2682 superioris
423 2605 494 2666 anni
516 2607 674 2666 consulem
695 2603 790 2679 legari
803 2603 843 2662 ad
857 2602 890 2662 id
904 2603 1016 2663 bellum
1031 2605 1095 2677 pla-

115 2689 188 2750 cuit.
212 2691 288 2751 alter
299 2691 418 2766 consul,
431 2691 479 2750 cui
490 2689 575 2750 ltalia
585 2687 743 2765 provincia
755 2686 917 2762 evenisset,
930 2702 1000 2746 cum
1011 2687 1095 2748 Boiis

116 2773 222 2834 iussus
233 2773 345 2834 bellum
357 2789 465 2850 gerere
476 2781 543 2834 utro
556 2773 693 2833 exercitu
703 2772 805 2832 mallet
817 2787 855 2831 ex
867 2769 998 2846 duobus,
1015 2785 1095 2848 quos

116 2859 295 2932 superiores
311 2859 455 2919 consules
477 2857 671 2932 habuissent,
692 2857 820 2917 alterum
839 2863 872 2917 ut
892 2855 1021 2918 mitteret
1033 2857 1095 2918 Ro-

116 2958 212 3017 mam,
227 2957 345 3017 eaeque
359 2943 496 3002 urbanae
510 2942 647 3016 legiones
663 2947 769 3001 essent
790 2948 913 3016 paratae
928 2957 989 3016 quc
1005 2957 1094 3002 sena·

118 3042 166 3087 tus
188 3026 371 3087 censuisset.
402 3026 437 3085 ll.
460 3025 509 3087 his
529 3027 572 3087 ita
591 3025 622 3085 in
643 3033 752 3086 senatu
775 3025 881 3099 adid,
907 3040 986 3100 quae
1007 3025 1094 3085 cuius

119 3110 277 3184 provincia
297 3111 390 3183 loret,
417 3110 564 3184 decretis,
587 3117 650 3170 tum
676 3110 797 3170 demum
822 3108 924 3168 sortiri
950 3109 1095 3168 eonsules

119 3195 241 3268 placuit.
263 3194 363 3256 Acilia
372 3192 508 3267 Graecia,
517 3192 656 3255 Cornelio
668 3193 754 3253 ltalia
764 3191 873 3252 evenit.
890 3198 972 3251 certa
984 3187 1095 3252 deiude

119 3284 201 3338 sorte
223 3287 348 3338 senatus
370 3279 543 3338 consultum
563 3279 675 3338 laetum
695 3283 757 3352 est,
780 3275 863 3352 quod
883 3275 1018 3350 populus
1032 3273 1093 3336 lu-

119 3377 278 3424 manusco
295 3363 579 3438 temporeduellum
600 3361 744 3422 iussisset
762 3375 833 3420 esse
855 3373 923 3419 eum
943 3373 1017 3434 rege
1031 3360 1093 3417 Aa·

16 3469 17 3476 2
119 3445 219 3508 tioehu
236 3446 351 3522 quique
366 3445 423 3506 sub
438 3445 565 3522 imperio
580 3445 645 3505 eius
661 3450 779 3514 essent,
801 3449 834 3502 ut
854 3443 920 3502 eius
935 3443 980 3502 rei
1001 3459 1094 3502 eausa
