2482 3902
183 179 301 240 LIBER
314 177 447 239 xxxin.
471 177 553 238 cnr.
568 187 611 241 aa.
623 187 666 244 eo.
680 186 721 240 41.
745 185 893 254 [aeneo]
969 181 1028 248 117

38 334 122 396 bello
139 341 246 409 aperte
260 333 409 393 Romanis
423 331 537 392 indicto
551 331 686 392 abesset
706 331 789 392 illum
803 335 926 408 quidem
938 337 1028 398 ctiam

37 415 65 478 si
81 419 113 477 in
128 417 247 478 ltaliam
261 416 381 477 traiciat
392 420 592 492 negaturum
614 415 772 478 Romanos
787 425 960 480 autemnon
974 436 1027 482 ex-

38 509 253 576 spectaturos,
273 507 309 561 ut
329 497 361 560 id
381 506 491 576 posset
510 500 623 560 lacere.
652 499 713 560 XL.
736 501 887 564 adversus
909 519 946 564 ea
964 505 1027 564 An·
1130 551 1134 556 .
1170 585 1179 597 .

37 586 162 646 tiochus
181 585 284 646 mirari
299 599 335 645 se
349 584 425 646 dixit
438 585 596 646 Romanos
610 589 672 644 tam
687 584 847 660 diligenter
861 587 1026 662 inquirere,

38 671 114 745 quid
127 670 196 745 regi
207 667 362 732 Antiocho
377 668 562 743 laciendum,
577 673 609 728 at
620 683 784 746 quousque
795 676 877 731 terra
887 672 1026 748 merique

39 753 304 830 progrediundum
321 753 411 814 luerit
424 751 512 828 ipsis,
527 767 589 813 non
604 752 748 828 cogitare.
776 755 882 816 Asiam
896 753 971 814 nihil
987 757 1026 816 ad

39 840 191 916 populum
201 839 373 900 Romanum
384 837 545 914 pertinere,
560 850 618 896 nec
629 834 729 913 magis
739 837 799 899 illis
810 838 1026 915 inquirendum

39 938 128 996 esse,
153 921 229 999 quid
250 920 422 984 Antiochus
442 921 472 981 in
487 919 578 994 Asia,
601 935 693 996 quam
706 922 876 999 Antiocho,
899 923 975 999 quid
994 924 1025 985 in

38 1006 126 1068 ltalia
141 1007 278 1083 populus
291 1006 450 1068 Romanus
464 1005 565 1066 faciat.
588 1005 673 1080 quod
687 1005 728 1064 ad
738 1005 944 1068 Ptolemaeum
959 1008 1026 1068 atti·

39 1097 126 1164 neat,
150 1090 201 1152 cui
221 1089 383 1166 ademptas
404 1089 540 1151 civitates
563 1095 744 1164 querantur,
767 1089 827 1150 sibi
845 1106 913 1151 cum
926 1090 1026 1152 Ptole·

38 1191 129 1236 maeo
146 1181 177 1236 et
192 1173 354 1235 amicitiam
369 1189 455 1248 csse,
478 1171 676 1248 almogera,
695 1178 730 1233 ut
743 1173 829 1234 brevi
844 1175 934 1235 etiam
950 1175 1023 1234 adll-

39 1259 120 1321 nitas
145 1257 298 1334 iungatur.
334 1274 374 1318 ne
394 1271 434 1318 ex
452 1255 584 1332 Philippi
609 1255 733 1332 quidem
754 1257 886 1320 adversa
906 1259 1024 1320 fortuna

40 1342 144 1420 spolia
157 1345 221 1404 ulla
236 1357 271 1404 se
286 1343 411 1418 petisse,
427 1348 479 1404 aut
492 1341 646 1402 adversus
655 1342 813 1403 Romanos
828 1342 858 1402 in
869 1342 1025 1418 Europam

39 1427 217 1490 traiecisse:
244 1428 302 1488 sed
325 1443 386 1502 qua
405 1424 583 1506 Lysimachi
605 1425 761 1502 quondam
780 1441 910 1501 regnum
924 1425 1024 1496 merit,

41 1508 1084 1588 wmmmfflmmmffiwm

39 1596 206 1670 laetasint,
221 1595 398 1656 existimare
413 1609 489 1656 suae
503 1591 634 1656 dicionis
650 1609 731 1655 esse.
754 1595 914 1672 occupatis
929 1593 1024 1655 maio·

38 1680 125 1742 ribus
140 1677 208 1741 suis
222 1693 326 1740 rerum
340 1681 467 1740 aliarum
483 1693 557 1740 curo
570 1678 669 1755 primo
685 1680 838 1754 quaedam
852 1695 893 1740 ex
907 1678 944 1740 iis
955 1677 1024 1740 Pto·

40 1768 206 1836 lamecum,
228 1763 301 1825 inde
321 1769 352 1825 et
363 1762 539 1839 Philippum
552 1763 750 1838 usurpandae
765 1762 883 1824 alienae
897 1779 1025 1840 posses·

42 1847 139 1911 sionis
161 1861 258 1909 cause
278 1849 425 1909 tenuisse.
457 1847 683 1908 Chersonesum
699 1847 823 1922 quidem
841 1854 872 1908 et
886 1847 1026 1923 proxima

41 1933 205 2008 Thraciae,
227 1948 308 2008 quae
329 1933 410 1994 circa
429 1931 657 2012 Lysimachiam
678 1929 753 2006 sint,
775 1947 865 2006 quem
887 1931 1026 1992 dubitare

43 2019 115 2094 quin
134 2017 313 2096 Lysimachi
329 2015 466 2077 luerint?
498 2017 538 2076 ad
560 2031 597 2076 ea
617 2015 796 2092 recipienda
815 2015 846 2075 in
867 2015 1026 2090 antiquum

42 2103 90 2164 ius
113 2101 257 2178 uenisse,
283 2107 314 2162 ct
331 2099 559 2180 Lysimachiam
583 2100 714 2160 deletam
734 2097 885 2160 Thracum
908 2098 1026 2175 impetu

44 2187 82 2247 dc
103 2187 224 2262 integro
246 2187 395 2260 condere,
416 2193 451 2247 ut
464 2183 614 2247 Seleucus
635 2184 716 2245 filius
738 2199 805 2244 eam
819 2183 926 2245 sedern
940 2182 1026 2258 regni

41 2270 163 2332 habeat.

126 2351 203 2414 XLI.
231 2353 290 2415 His
314 2351 587 2431 disceptationibus
613 2369 669 2428 per
690 2353 756 2413 dies
779 2353 895 2428 aliquot
913 2352 1025 2412 habitis

42 2455 149 2500 rumor
164 2439 232 2500 sine
245 2439 309 2499 ullo
324 2438 400 2500 sotis
416 2446 499 2500 certo
515 2443 640 2498 auctore
655 2437 775 2496 adlatus
791 2437 830 2496 de
844 2441 942 2496 morte
955 2436 1025 2496 Pto-

43 2521 151 2583 lemaei
176 2523 275 2598 regis,
300 2529 337 2583 ut
352 2525 454 2584 nullus
480 2523 580 2583 exitus
602 2521 809 2594 imponeretur
832 2519 1026 2580 sermonibus

42 2607 153 2668 effecit.
187 2613 304 2668 namet
324 2605 538 2670 dissimulabat
553 2619 627 2681 pars
640 2611 769 2678 utraque
785 2618 820 2663 se
834 2603 974 2675 erudisse,
997 2609 1027 2663 et

42 2692 74 2750 L.
92 2691 268 2766 Cornelius,
290 2691 340 2753 cui
358 2691 469 2768 legatio
485 2691 525 2752 ad
540 2691 619 2751 duos
632 2701 739 2763 reges,
759 2687 944 2748 Antiochum
957 2685 1026 2748 Pto-

43 2777 269 2852 lcmaeumquo‚
291 2777 435 2836 mandata
449 2782 529 2852 erat,
550 2773 683 2850 spatium
697 2771 809 2832 modici
823 2771 971 2847 temporis
986 2771 1027 2832 ad

44 2861 290 2922 conveniendum
303 2859 511 2922 Ptolemaeum
525 2859 659 2935 petebat,
679 2863 713 2918 ut
727 2855 906 2932 priusquam
921 2871 1025 2917 move-

43 2952 125 3004 retur
148 2945 265 3022 aliquid
285 2944 316 3004 in
336 2958 418 3006 nova
438 2941 761 3020 possessionemque
784 2941 979 3018 praeveniret
995 2941 1026 3000 in

42 3030 236 3107 Aegyptum
267 3035 298 3088 et
316 3029 487 3091 Antiochus
509 3043 597 3090 suam
618 3029 684 3088 lore
703 3028 898 3105 Aegyptum,
921 3026 948 3086 si
963 3032 1026 3084 tum

43 3119 237 3190 occupasset
250 3115 405 3175 censebat.
427 3113 531 3189 itaque
541 3111 678 3172 dimissis
687 3109 844 3184 Romanis,
856 3108 1027 3183 relictoque

44 3196 173 3259 Seleuco
196 3197 259 3258 filio
276 3213 346 3258 cum
360 3197 554 3258 terrestribus
569 3193 669 3271 copiis
684 3195 724 3256 ad
739 3194 972 3266 restituendam,
993 3197 1027 3252 ut

42 3282 222 3356 instituerat,
229 3281 473 3360 Lysimachiam,
491 3281 560 3356 ipse
576 3280 658 3341 omni
673 3281 774 3340 classe
790 3277 912 3352 navigat
924 3272 1025 3350 Ephe

43 3381 118 3426 sum.
135 3366 245 3442 legatis
261 3366 301 3426 ad
313 3365 484 3440 Quinctium
497 3363 611 3437 missis,
628 3362 681 3439 qui
697 3363 736 3423 ad
747 3362 840 3423 iidem
855 3359 1026 3420 laciendum

41 3449 113 3510 nihil
124 3456 308 3511 novaturum
320 3465 425 3526 regem
433 3450 472 3509 de
484 3450 630 3510 socictate
642 3453 776 3522 agerent,
786 3460 871 3508 oram
877 3443 973 3504 Asiae
983 3443 1025 3502 le·
