2482 3902
131 255 241 316 LIBER
251 253 382 316 XXXIV.
400 253 482 314 ΟΑΡ.
497 261 541 316 43.
552 261 596 316 44.
614 261 650 328 [a.
658 259 692 313 U.
701 278 724 315 e.
732 261 793 318 558.
801 275 825 314 a.
835 261 866 314 C.
875 263 937 330 194]
960 255 1019 322 161

55 406 151 469 vinciis
171 403 380 466 cumrelatum
396 413 493 480 essct,
515 412 641 466 senatus
658 407 804 484 frequens
819 408 849 468 in
866 423 934 470 eam
950 425 1020 470 sen-

55 491 165 553 tentiam
177 489 247 564 ibat,
262 495 295 550 ut
310 489 456 566 quoniam
471 489 500 547 in
514 485 664 564 Hispania
679 489 901 554 etMacedonia
916 493 1020 556 debel-

52 580 134 636 latum
154 573 245 646 ioret,
267 573 445 634 oonsulibus
467 571 617 633 artabobus
638 573 724 634 Italia
745 575 905 650 provincia
925 586 1018 638 esset.

53 658 145 733 Scipio
167 657 241 717 satis
263 669 333 716 esse
348 655 452 716 ltaliae
466 667 560 717 unum
575 659 733 718 consulem
750 661 910 730 censebam
933 662 1019 722 alteri

51 741 249 803 Macedoniam
270 739 496 801 decernendam
510 747 590 800 es'sc.
619 741 733 802 bellum
748 756 844 816 grave
858 743 896 803 ab
911 746 1018 807 Antio·

53 828 100 887 cho
119 824 282 885 imminere.
315 823 375 884 iam
389 823 491 900 ipsum
506 841 564 885 sua
578 831 690 900 sponte
704 826 734 885 in
748 820 905 904 Europam
921 835 1017 890 trans-

52 925 193 985 gressum=
214 907 289 984 quid
303 904 414 968 deinde
429 909 579 970 iacturum
595 915 770 985 censerent,
787 925 856 972 eum
871 911 942 973 hinc
957 917 1017 974 Ae·

52 995 95 1055 toli
106 993 185 1058 haud
200 991 293 1054 dubie
307 991 414 1053 hostes
430 1001 575 1053 vocarent
588 993 628 1052 ad
639 987 759 1069 bellurn,
774 995 856 1056 illine
867 992 1018 1058 Hannibal

51 1078 180 1139 Romanis
196 1075 335 1138 cladibus
350 1076 479 1153 insignis
494 1076 660 1153 imperator
674 1077 864 1140 stimularet?
891 1081 964 1142 dum
978 1083 1018 1142 de
1037 1109 1043 1119 κ

53 1157 199 1237 provinciis
222 1161 385 1222 consanum
405 1159 608 1238 disceptatur,
629 1168 788 1238 praetores
810 1162 909 1223 sortiti
930 1172 1011 1225 sunt.

54 1245 93 1308 Cn.
105 1246 230 1308 Domitio
245 1245 365 1306 urbana
378 1243 558 1320 iurisdictio,
573 1245 606 1304 Τ.
618 1247 755 1307 Iuventio
771 1247 934 1322 peregrina
944 1263 1010 1308 eva

54 1329 98 1406 nit,
116 1331 145 1389 P.
166 1327 307 1392 Cornelio
327 1329 478 1405 Hispania
495 1328 635 1405 ulterior,
658 1329 729 1391 Sex.
751 1331 861 1406 Digitio
884 1331 1009 1409 citerior

53 1415 155 1477 duobus
167 1410 218 1476 Cn
232 1413 392 1488 corneliis,
407 1411 544 1474 Blasioni
557 1413 668 1488 Sicilia,
681 1413 849 1476 Merendae
863 1414 1013 1476 Sardinia.

52 1496 285 1560 inllaocddniam
296 1514 412 1559 novum
424 1499 591 1558 exercitum
602 1501 803 1578 transportari
814 1516 875 1561 non
886 1500 1014 1576 placuitr

53 1599 107 1644 eum
121 1583 169 1659 qui
184 1589 271 1644 esset
285 1581 335 1657 ibi,
353 1582 460 1642 reduci
474 1584 505 1642 in
520 1583 635 1645 Italiam
651 1599 669 1644 a
685 1583 823 1658 Quinctio
839 1599 876 1645 ao
891 1584 1013 1654 dimitti;

52 1666 109 1726 itam
122 1669 188 1730 eum
202 1667 372 1728 exercitum
386 1665 507 1740 dimitti,
525 1667 577 1744 qui
593 1682 662 1730 cum
674 1665 715 1728 ld.
730 1667 839 1730 Porcio
855 1667 968 1730 catone
983 1668 1014 1728 in

52 1749 178 1828 Hispania
198 1757 294 1812 esset.
324 1751 502 1812 consulibus
524 1751 673 1813 ambobus
693 1753 809 1814 ltaliam
823 1752 1013 1829 provinciam

53 1851 120 1910 esse,
140 1839 169 1896 et
182 1836 264 1897 duas
285 1833 419 1895 urbanas
434 1833 570 1895 scribere
585 1851 640 1896 eos
655 1836 808 1912 legiones,
830 1843 863 1898 ul
878 1835 1013 1898 dimissis

54 1935 115 1993 quos
126 1927 251 1982 senatus
264 1919 437 1980 censuisset
446 1919 630 1981 exercitibus
644 1926 713 1981 octo
727 1917 1015 1981 omninoRomanae

53 2003 168 2078 legiones
184 2011 302 2066 essent.

117 2087 216 2150 XLIV.
239 2089 307 2148 Ver
322 2101 443 2150 sacrum
458 2087 571 2150 laetum
586 2095 651 2149 arat
665 2085 769 2164 priore
783 2101 873 2164 anno,
888 2087 928 2148 ll.
940 2086 1013 2148 Por-

52 2171 88 2230 cio
100 2179 126 2233 et
137 2170 168 2232 L.
184 2169 312 2233 Valerio
329 2165 517 2232 consulibus.
549 2171 581 2233 id
596 2183 665 2232 cum
679 2170 711 2232 P.
726 2173 860 2236 Licinius
875 2171 1014 2249 ponlilex

52 2269 99 2314 ron
112 2271 178 2318 esse
194 2261 281 2316 recte
296 2257 408 2316 lactum
423 2257 552 2332 collegio
568 2255 708 2334 primum,
728 2255 839 2318 deinde
854 2272 894 2317 ex
909 2263 1014 2318 aucto-

51 2338 119 2400 ritate
133 2339 254 2416 collegii
268 2341 405 2416 patribus
419 2341 634 2416 renuntiasset,
655 2342 693 2402 de
708 2342 825 2416 integro
842 2341 1015 2403 iaciendum

51 2422 177 2486 arbitratu
198 2421 378 2500 pontificum
400 2432 599 2500 censuerunt,
621 2426 774 2500 ludosque
792 2440 938 2500 magnos,
960 2423 1013 2500 qui

50 2522 97 2567 una
105 2509 163 2570 voti
175 2514 292 2583 essent,
302 2513 386 2569 tanta
396 2509 529 2584 pecunia
541 2515 654 2585 quanta
665 2509 827 2580 adsoleret,
836 2507 996 2570 iaciendos

49 2606 91 2649 ver
112 2587 230 2654 sacrum
255 2592 354 2653 videri
374 2608 487 2670 pecus,
514 2592 598 2668 quod
620 2599 723 2652 natum
743 2597 828 2652 esset
849 2591 926 2651 inter
945 2592 1012 2654 Kal.

49 2671 153 2740 Martias
169 2684 199 2738 et
216 2677 318 2752 pridie
331 2676 397 2738 Kal.
411 2675 510 2737 Maias
524 2676 555 2735 P.
573 2675 713 2736 Cornelio
728 2682 758 2735 et
771 2675 814 2735 Ti.
831 2673 1014 2751 Sempronio

49 2762 220 2823 consulibus.
837 2767 841 2773 ’

119 2846 287 2908 censorum
301 2844 372 2904 inde
388 2845 509 2906 comitia
524 2849 595 2905 sunl
609 2837 721 2906 babila.
756 2841 849 2904 creati
867 2841 1013 2906 censores

49 2923 107 2987 Sex.
127 2931 234 2991 Aelius
254 2929 367 2990 Paetus
389 2936 419 2988 et
440 2927 471 2990 c.
488 2928 646 2990 Cornelius
670 2921 821 3004 Cethegus
843 2927 1015 3006 principem

48 3019 205 3076 sanatorem
218 3014 251 3074 P.
267 3011 443 3091 Scipionem
459 3013 632 3089 consulem,
657 3029 748 3090 quem
763 3019 793 3073 et
807 3013 927 3088 priores
942 3027 1014 3074 oen-

48 3107 121 3158 sorcs
134 3099 281 3174 legerant,
296 3099 444 3174 legerunt
468 3097 522 3158 tris
539 3098 662 3160 omnino
678 3106 847 3173 senatores,
862 3097 1014 3158 neminem

47 3183 129 3242 cumli
147 3182 267 3245 honora
287 3199 393 3256 usum,
416 3182 646 3258 praeterierunt.
680 3183 806 3258 gratiam
829 3195 954 3258 quoque
968 3181 1014 3238 in·

47 3269 152 3334 gentem
172 3261 256 3342 apud
277 3281 347 3328 eum
369 3266 507 3328 ordinem
528 3275 728 3342 pepererunt,
753 3265 837 3341 quod
857 3263 937 3325 ludis
952 3263 1013 3324 Ro·

46 3348 130 3410 nanis
147 3341 299 3412 aedilibus
321 3350 478 3412 curulibus
500 3351 701 3427 imperarunt,
722 3357 755 3411 ut
776 3351 845 3409 loca
860 3344 1012 3408 senatoria

47 3442 229 3495 secernerent
249 3437 412 3512 apopulo=
441 3450 512 3495 nam
533 3441 622 3496 antea
639 3436 670 3496 in
691 3433 868 3510 promiscuo
891 3435 1024 3507 specta.

47 3511 115 3575 bant.
146 3515 300 3594 equilibus
323 3533 448 3596 quoque
468 3519 633 3595 perpaucis
651 3517 785 3592 adempti
801 3515 887 3592 equi,
908 3529 966 3576 nec
981 3515 1033 3575 in‘

81 3615 103 3656 r.
117 3616 178 3660 c1v1
192 3619 269 3662 anas
282 3603 335 3662 lv.
774 3608 807 3660 11
