2482 3900
397 701 542 796 llll
580 701 723 796 tlvt

352 851 406 912 AB
435 851 550 913 URBE
580 849 781 914 CONDITA

451 969 562 1032 LIBER
581 966 685 1028 XXXl.

90 1184 241 1238 EPlTOME.
278 1183 342 1237 Belli
353 1186 474 1237 adversus
490 1187 634 1255 Philippum
649 1189 811 1240 Macedoniae
827 1203 923 1254 regem,
938 1191 1007 1252 quod
1019 1191 1045 1242 it

127 1257 271 1304 termissum
290 1261 353 1320 erat,
371 1257 471 1320 repetiti
489 1272 581 1308 causae
598 1257 742 1308 referuntur
759 1257 824 1307 hae:
842 1263 956 1322 tempore
973 1257 1057 1306 initio-

131 1339 185 1374 rum
208 1323 259 1373 duo
277 1323 382 1374 iuvenes
399 1325 560 1392 Acarnanes,
584 1328 628 1390 qui
647 1342 697 1377 non
721 1325 813 1376 initiati
836 1333 921 1390 eraut,
944 1324 1058 1374 Athenas

127 1403 257 1452 venerunt,
277 1401 302 1442 et
319 1393 456 1442 sacrarium
467 1392 565 1444 Cereris
584 1411 641 1445 eum
659 1395 716 1445 aliie
732 1393 899 1461 popularibus
915 1393 969 1442 suis
980 1393 1058 1442 iutra·

127 1469 225 1512 vemnt.
254 1461 287 1520 ob
311 1459 374 1521 hoc,
401 1470 530 1526 tamquam
552 1477 680 1515 summum
704 1465 777 1514 nelae
801 1463 1000 1526 commisissent,
1025 1463 1058 1512 ab

126 1529 327 1580 Atheniensibus
346 1531 421 1580 occisi
436 1538 505 1584 siant.
531 1535 677 1583 Acarnanes
693 1533 816 1584 mortibus
827 1546 930 1582 suorum
939 1533 1057 1580 commoti

129 1597 165 1648 ad
182 1598 349 1648 vindicandos
366 1599 422 1648 illos
440 1601 563 1650 auxilium
576 1602 719 1668 ePhilippo
731 1603 866 1667 petiemnt.
890 1600 1057 1664 paucismcn·

125 1667 200 1716 sibus
217 1673 277 1732 post
291 1681 381 1732 paoem
390 1667 642 1735 Carthaginiensibus
662 1673 754 1736 datam,
772 1669 975 1736 quingentesimo
986 1668 1056 1730 quin·

124 1737 278 1800 quagesimo
296 1749 361 1786 anno
378 1737 410 1787 ab
427 1739 489 1788 urbe
508 1739 618 1804 condita,
636 1755 693 1789 curn
711 1737 911 1803 Atheniensium,
930 1737 974 1800 qui
991 1737 1058 1786 obsi·

126 1805 254 1854 debentur
269 1818 285 1853 e
302 1805 435 1872 Philippo,
460 1807 538 1872 legati
562 1807 684 1858 auxilium
701 1808 849 1857 allomeris
870 1806 1009 1871 petissent,
1035 1811 1060 1853 et

129 1880 234 1922 senatus
249 1873 277 1922 id
294 1876 434 1924 censuisset
452 1874 593 1936 ferendum,
609 1877 693 1944 plebe,
712 1876 781 1940 quod
792 1883 830 1925 tot
848 1873 970 1924 bellorum
981 1875 1060 1923 couti-

126 1957 195 1991 nuus
214 1942 287 1992 labor
303 1943 390 2008 gravis
406 1951 472 2009 erat,
490 1945 676 2006 dissentiente,
695 1946 776 1994 tenuit
792 1943 930 1994 auctoritas
949 1948 1060 2008 patrum,

125 2017 158 2060 ut
176 2013 262 2060 sociae
280 2011 376 2062 eivitati
395 2012 455 2062 ferri
473 2027 548 2078 opem
566 2013 677 2078 populus
690 2013 906 2077 quoqueiuberet.
930 2011 1024 2060 bellum
1033 2009 1060 2058 id

123 2079 157 2129 P.
176 2077 289 2145 Sulpicio
308 2080 405 2130 consuli
421 2082 568 2132 mandatum
586 2089 637 2146 est,
655 2084 699 2146 qui
715 2082 827 2131 exercitu
844 2081 870 2129 in
886 2079 1061 2129 Macedoniam

125 2148 206 2198 ducto
224 2149 385 2212 equestribus
396 2149 502 2214 proeliis
514 2165 570 2199 curn
578 2149 694 2216 Philippo
707 2164 829 2216 prospere
839 2147 972 2214 pugnavit.
993 2147 1062 2211 Aby-

124 2216 189 2266 deni
208 2233 224 2266 a
238 2217 356 2282 Philippo
374 2219 472 2268 obsessi
490 2220 524 2270 td
542 2219 686 2284 exemplum
698 2219 897 2284 Saguntinorum
909 2231 971 2266 suos
982 2229 1062 2278 seque

126 2285 294 2336 occiderunt:
311 2285 340 2335 L.
358 2287 448 2336 Furius
463 2294 566 2353 praetor
575 2285 662 2338 Gallos
679 2289 798 2338 Insubres
813 2285 963 2337 rebellantes
977 2291 1002 2332 et
1010 2284 1050 2332 Ha

123 2353 260 2405 militarem
277 2356 388 2405 Poenum
406 2354 500 2406 bellum
518 2358 545 2405 in
561 2371 592 2406 ea
608 2364 680 2420 parte
698 2356 843 2406 molientem
852 2355 907 2404 acie
921 2354 992 2404 vicit.
1013 2351 1062 2400 lle-

124 2423 220 2474 milcar
236 2439 266 2473 eo
283 2423 349 2473 bello
367 2424 465 2473 occisus
484 2432 531 2490 est,
550 2433 575 2473 et
584 2425 656 2476 milia
665 2426 796 2475 hominum
804 2421 908 2488 triginta
917 2438 971 2473 sex.
989 2435 1062 2485 prte-

124 2502 203 2544 terea
220 2492 396 2558 expeditiones
414 2491 528 2558 Philippi
543 2493 612 2558 regis
629 2502 654 2544 et
669 2492 776 2558 Sulpicii
791 2491 913 2556 consulis,
933 2502 1063 2555 expugua-

124 2563 265 2624 tionesque
289 2561 388 2612 urbium
408 2561 440 2611 ab
459 2571 564 2624 utroque
586 2561 666 2612 iactas
683 2563 812 2610 continet„
830 2558 957 2623 Sulpicius
975 2555 1063 2606 eousnl

125 2631 226 2681 bellum
244 2631 348 2694 gerebat
366 2630 545 2680 adiuvantibus
563 2644 625 2694 rege
642 2631 726 2680 Attalo
745 2636 769 2678 et
784 2627 900 2677 Rhodiis.
923 2623 1051 2688 triumpha

124 2701 165 2748 vit
186 2699 218 2748 de
238 2698 315 2748 Gallis
333 2698 363 2748 L.
383 2699 473 2766 ljurius
491 2706 601 2763 praetor.

165 2811 190 2871 1.
212 2811 263 2872 ille
286 2827 413 2886 quoque
432 2812 529 2888 iuvat,
551 2814 634 2872 velut
654 2813 722 2886 ipse
743 2811 773 2870 in
795 2815 882 2885 parte
898 2808 1012 2868 laboris
1027 2825 1064 2868 ac

66 2895 208 2974 periculi
220 2894 338 2970 luerim,
354 2896 394 2955 ad
405 2895 496 2956 linem
508 2897 580 2956 belli
590 2895 695 2956 Punici
710 2894 901 2970 pervenisse.
924 2909 992 2952 narn
1007 2895 1064 2952 etsi

66 2979 220 3057 profiteri
244 2995 354 3040 ausum
378 2980 621 3056 perscripturum
644 2994 695 3039 res
721 2978 820 3038 omnis
839 2979 1011 3043 Romanas,
1033 2977 1063 3034 in

65 3063 221 3142 partibus
243 3063 372 3138 singulis
393 3063 468 3124 tanti
481 3064 593 3140 operis
614 3063 734 3138 fatigari
753 3062 876 3122 minime
891 3058 1063 3132 conveniat,

66 3158 184 3210 tamen
205 3161 275 3208 cum
294 3148 326 3206 in
346 3155 478 3208 mentem
499 3149 583 3207 venit
601 3152 664 3206 tres
685 3153 716 3207 et
729 3146 890 3220 sexaginta
910 3159 1008 3204 annos
1022 3171 1064 3180 -

67 3241 120 3293 tot
145 3230 230 3290 enim
250 3235 323 3291 sunt
336 3245 355 3289 a
365 3230 464 3305 primo
480 3230 596 3292 Punico
618 3231 658 3290 ad
679 3230 849 3290 secundum
869 3229 982 3289 bellum
996 3225 1064 3284 fini-

65 3327 141 3378 tum
159 3343 204 3358 -
217 3329 317 3390 aeque
330 3315 425 3375 multa
439 3315 772 3388 voluminaoacupasse
783 3311 966 3387 mihiquem
976 3325 1064 3370 occu

67 3398 225 3474 paverint
232 3398 448 3474 quadringenti
460 3398 731 3472 duodenonaginta
741 3396 813 3457 anni
825 3412 844 3455 a
854 3395 977 3454 condita
988 3393 1065 3454 urbo

66 3484 114 3544 ad
131 3484 198 3556 Ap.
215 3481 373 3544 claudium
389 3483 556 3558 consulem,
573 3482 623 3557 qui
638 3481 768 3556 primum
782 3479 894 3539 bellurn
908 3475 1063 3552 Carthagi*¹

118 3584 152 3624 τ.
176 3580 235 3624 uv1
258 3581 334 3626 nans
356 3567 408 3624 tv.
840 3569 856 3623 ι
