2506 3898
201 192 264 254 306
335 187 449 250 LIBER
463 186 611 248 XXXVII.
634 184 718 245 CAP.
729 193 773 244 51.
785 191 830 244 62.
852 189 889 257 [ι.
901 189 935 241 U.
947 205 972 240 c.
982 191 1044 254 563]

203 343 368 404 maximusa
392 345 562 416 praetorem
577 337 672 406 hunc,
688 351 727 394 ne
741 336 771 394 in
787 334 956 394 Sardiniam
971 333 1151 408 proficiscere

204 437 260 500 tur,
274 427 306 486 P.
317 424 453 486 Licinius
465 421 568 482 lenuit,
591 421 664 480 etin
678 425 788 480 senatu
802 425 833 478 el
846 418 885 477 ad
904 419 1051 492 populum
1063 418 1162 492 magnis

204 508 449 572 contentionibus
464 511 610 566 certatum
626 511 687 578 est,
708 509 739 564 et
759 502 885 578 imperia
907 501 1035 562 inhibita
1047 501 1162 561 ultroci·

202 603 328 671 troque,
354 599 385 652 et
408 590 535 666 pignero
560 595 664 663 capta,
690 595 721 646 et
745 587 857 646 multae
881 585 998 658 dictae,
1024 593 1055 644 et
1073 585 1164 644 tribuni
1215 585 1216 662 ξ

204 678 363 755 appellati,
389 683 420 736 et
444 679 643 750 provocatum
674 669 713 730 ad
739 671 888 746 populum
911 677 968 729 est.
1012 669 1113 742 religio
1135 668 1164 726 ad

205 771 393 840 postremum
408 757 494 832 vicit,
515 765 548 818 ut
562 756 644 816 dicto
659 754 788 814 audiens
802 759 888 814 esset
902 751 1015 813 hainen
1032 751 1164 827 pontifico

204 857 235 908 el
247 847 342 908 mulla
354 843 442 904 iussu
457 840 563 918 populi
578 841 606 899 ei
626 838 766 900 remman,
797 839 842 898 ira
862 837 1042 912 provinciae
1062 841 1167 909 creptae

205 937 375 1006 praetorem
390 926 567 1001 magistratu
579 924 723 984 abdicare
737 937 773 982 se
788 929 948 982 conantem
963 928 1066 996 patres
1079 925 1165 979 aucto

206 1015 291 1074 ritate
306 1027 365 1074 sua
378 1011 604 1083 deterruerunt,
622 1015 653 1068 et
672 1013 706 1066 ul
719 1007 768 1066 ius
783 1005 861 1064 inter
876 1005 1057 1080 peregrinos
1072 1003 1168 1062 dicaret

204 1099 415 1158 decreverunt.
436 1093 596 1154 dilectibus
609 1091 720 1152 deinde
731 1091 811 1150 intra
821 1104 939 1165 paucos
952 1089 1022 1148 dies
1031 1120 1074 1130 -
1083 1100 1167 1159 neque

204 1181 284 1241 enim
296 1180 380 1240 multi
392 1177 501 1238 milites
512 1175 633 1251 legendi
645 1173 1085 1249 erunt—perlectisconsnles
1096 1185 1167 1244 prac-
1216 1156 1217 1230 l

192 1274 352 1339 torosque
372 1263 402 1322 in
424 1260 601 1338 provincias
624 1257 870 1334 proficiscuntur.
907 1257 990 1317 sama
1015 1253 1122 1314 deinde
1139 1251 1168 1310 de

204 1349 297 1409 robus
312 1349 342 1408 in
356 1346 432 1408 Asia
446 1345 542 1420 gestis
562 1352 674 1404 temere
689 1344 811 1417 vulgata
824 1342 893 1403 sinc
907 1345 1053 1408 auctore;
1072 1341 1168 1411 etpost

205 1434 272 1492 dies
293 1445 410 1506 paucos
432 1428 527 1490 nuntii
549 1429 622 1488 certi
642 1428 820 1502 litteraeque
844 1425 1041 1500 imperatoris
1060 1423 1167 1482 Roman

205 1517 339 1589 adlatae,
362 1528 442 1589 quae
465 1528 525 1573 non
542 1519 656 1572 tantum
671 1510 815 1586 gaudium
830 1509 869 1568 ab
883 1510 1001 1568 recenti
1015 1514 1095 1568 metu
1107 1511 1165 1565 attu-

205 1603 360 1659 lerunt-
373 1596 529 1658 desierant
550 1596 629 1656 enim
655 1596 765 1655 victum
792 1595 822 1654 in
847 1593 969 1654 Aetolia
994 1598 1166 1652 mernere-

207 1699 297 1757 quam
319 1698 337 1742 a
357 1688 461 1740 velere
482 1682 576 1755 lama,
599 1680 682 1754 quod
704 1677 877 1738 ineuntibus
898 1677 930 1737 id
949 1677 1066 1737 beilum
1083 1671 1167 1748 gravis

204 1765 303 1826 hostis
318 1769 348 1826 et
362 1765 427 1826 suis
440 1763 571 1838 viribus,
587 1771 618 1824 et
632 1764 716 1840 quod
731 1762 931 1822 Hannibalem
944 1769 1096 1823 rectorem
1108 1755 1167 1816 nili-

207 1851 264 1908 tiae
279 1847 419 1922 haberet‚
435 1849 521 1909 visus
537 1849 644 1908 luerat.
667 1847 739 1906 nihil
752 1853 851 1906 tamen
864 1853 916 1906 aul
926 1845 966 1905 de
977 1844 1105 1907 consule
1117 1840 1170 1900 mit-

206 1933 296 1994 tendo
323 1933 353 1992 in
377 1931 483 1994 Asiam
508 1933 685 1994 mutandum
709 1939 762 1992 aut
785 1931 967 1992 minuendas
988 1931 1058 1990 eius
1079 1925 1165 2000 copias
1217 1972 1218 2002 q

202 2025 391 2078 censuerunt
404 2024 502 2090 melu,
517 2033 557 2077 ne
571 2031 641 2078 cum
657 2015 750 2077 Gallis
762 2017 842 2076 torel
856 2013 1044 2075 bellandum.

289 2101 350 2160 Lll.
371 2101 461 2162 Haud
484 2102 577 2162 multo
601 2107 675 2176 post
692 2099 734 2160 Μ.
748 2097 892 2160 Aurelius
914 2099 1001 2159 Cotta
1022 2099 1131 2172 legatus
1142 2091 1167 2149 L.
1217 2107 1218 2122 ¹

205 2184 359 2260 Scipionis
385 2200 453 2244 eum
473 2183 616 2246 Antiochi
641 2186 723 2258 regis
750 2185 872 2259 legetis,
897 2191 928 2243 et
951 2183 1105 2244 Eumenes
1125 2189 1168 2235 rex

204 2267 377 2342 Rhodiique
402 2267 533 2330 Romam
557 2276 714 2328 venerunt.
747 2269 832 2330 Cotta
856 2267 887 2328 in
912 2274 1024 2328 senatu
1048 2265 1168 2342 primum

205 2351 317 2410 deinde
335 2350 366 2410 in
387 2351 529 2414 contione
548 2353 635 2414 iussu
656 2360 790 2427 patrum,
819 2367 899 2428 quae
919 2358 989 2412 acte
1002 2353 1034 2410 in
1047 2349 1119 2411 Asia
1131 2359 1168 2403 es·

205 2443 288 2509 seni,
304 2436 457 2510 exposuit.
480 2437 662 2512 supplicatio
674 2436 746 2496 inde
756 2437 786 2496 in
799 2436 931 2496 triduum
946 2437 1073 2496 decreta
1086 2439 1134 2502 eal
1147 2432 1170 2484 θῑ

205 2520 407 2594 quadraginta
418 2518 549 2582 maiores
561 2522 680 2582 hostiae
690 2521 837 2582 immolari
848 2520 962 2581 iussae.
978 2527 1043 2580 tum
1055 2513 1169 2579 omnium

204 2603 335 2678 primum
355 2603 483 2668 Eumeni
504 2613 630 2666 senatus
651 2605 741 2665 dutus
762 2614 817 2666 est.
851 2605 879 2665 is
905 2621 974 2664 cum
1000 2599 1170 2664 breviaret

204 2687 321 2782 egisset
344 2687 458 2763 gratim
480 2689 633 2764 patribus,
660 2689 745 2764 quod
769 2687 932 2751 obsidione
952 2703 987 2748 se
1008 2703 1046 2748 ac
1065 2687 1169 2745 lratren

208 2771 396 2832 exemissent
415 2788 604 2850 regnumque
624 2773 663 2834 ab
677 2773 795 2836 iniuriis
809 2772 953 2834 Antiochi
967 2769 1168 2832 vindicassent

204 2861 237 2948 et
251 2856 419 2928 gratulatus
435 2863 533 2930 esset,
550 2858 635 2933 quod
648 2858 724 2917 mari
737 2865 880 2933 terreque
893 2870 1045 2933 prospere
1055 2861 1167 2924 resges·

205 2944 334 3010 sissent,
352 2939 498 3014 quodque
509 2957 614 3016 regem
627 2940 811 3003 Antiochino
826 2943 928 3002 lusum
942 2941 1134 3015 fugatumque
1145 2936 1168 2987 at

204 3028 330 3082 exutum
345 3023 454 3085 castris
470 3026 556 3099 prius
570 3025 710 3102 Europa,
731 3032 845 3100 postet
857 3025 935 3086 Asia
950 3039 1030 3100 quae
1050 3023 1094 3082 cis
1105 3018 1167 3078 Tau·

204 3122 271 3168 rum
286 3112 420 3166 montem
434 3115 483 3169 est
496 3110 702 3184 expulissent,
718 3125 776 3170 sna
787 3109 899 3170 deinde
910 3107 1018 3169 merita
1029 3105 1114 3166 malle
1123 3110 1167 3159 eos

204 3205 244 3249 ex
260 3190 494 3265 imperatoribus
509 3194 575 3253 suis
590 3192 762 3269 legatisque
774 3209 865 3268 quarn
881 3209 917 3254 se
930 3187 1168 3254 commemorante

204 3289 395 3350 cognoscere
409 3275 493 3336 dixit.
514 3275 590 3335 haec
602 3277 843 3352 approbantibus
856 3277 983 3350 cunctis,
998 3269 1165 3336 iubentibus·

206 3373 267 3431 que
282 3357 385 3419 dicere
399 3359 501 3432 ipsum
516 3359 632 3420 omissa
650 3361 680 3419 in
701 3360 734 3420 id
754 3360 956 3433 verecundia,
977 3359 1052 3436 quid
1070 3351 1123 3416 sibi
1136 3347 1167 3406 ab

204 3446 315 3500 senatu
328 3445 508 3516 populoque
521 3443 659 3504 Romano
679 3441 770 3504 tribui
789 3460 921 3521 aequum
937 3448 1089 3514 censeret,
1107 3447 1166 3512 pri·
