<?xml version="1.0" encoding="UTF-8"?>
<!DOCTYPE html PUBLIC "-//W3C//DTD XHTML 1.0 Transitional//EN"
    "http://www.w3.org/TR/xhtml1/DTD/xhtml1-transitional.dtd">
<html xmlns="http://www.w3.org/1999/xhtml" xml:lang="en" lang="en">
 <head>
  <title>
</title>
<meta http-equiv="Content-Type" content="text/html;charset=utf-8" />
  <meta name='ocr-system' content='tesseract 3.04.00' />
  <meta name='ocr-capabilities' content='ocr_page ocr_carea ocr_par ocr_line ocrx_word'/>
</head>
<body>
  <div class='ocr_page' id='page_1' title='image "./titiliviaburbec08livygoog_0210.png"; bbox 0 0 2480 3904; ppageno 0'>
   <div class='ocr_carea' id='block_1_1' title="bbox 264 228 1063 313">
    <p class='ocr_par' dir='ltr' id='par_1_1' title="bbox 264 228 1063 313">
     <span class='ocr_line' id='line_1_1' title="bbox 264 228 1063 313; baseline 0.014 -23"><span class='ocrx_word' id='word_1_1' title='bbox 264 228 381 292; x_wconf 78' lang='lat' dir='ltr'><strong>emsa</strong></span> <span class='ocrx_word' id='word_1_2' title='bbox 395 229 517 292; x_wconf 77' lang='lat' dir='ltr'><strong>xirxv.</strong></span> <span class='ocrx_word' id='word_1_3' title='bbox 539 229 661 295; x_wconf 76' lang='lat' dir='ltr'><strong>coar.</strong></span> <span class='ocrx_word' id='word_1_4' title='bbox 674 237 700 297; x_wconf 85' lang='lat' dir='ltr'><strong>r.</strong></span> <span class='ocrx_word' id='word_1_5' title='bbox 723 231 760 308; x_wconf 67' lang='lat' dir='ltr'><strong>[a.</strong></span> <span class='ocrx_word' id='word_1_6' title='bbox 773 233 880 313; x_wconf 71' lang='lat' dir='ltr'><strong>oms]</strong></span> <span class='ocrx_word' id='word_1_7' title='bbox 1004 235 1063 302; x_wconf 81' lang='lat'><strong>181</strong></span> 
     </span>
    </p>
   </div>
   <div class='ocr_carea' id='block_1_2' title="bbox 68 383 1067 3576">
    <p class='ocr_par' dir='ltr' id='par_1_2' title="bbox 68 383 1067 3154">
     <span class='ocr_line' id='line_1_2' title="bbox 82 383 1067 464; baseline 0.005 -17"><span class='ocrx_word' id='word_1_8' title='bbox 82 391 161 447; x_wconf 88' lang='lat' dir='ltr'><strong>teret</strong></span> <span class='ocrx_word' id='word_1_9' title='bbox 180 385 220 444; x_wconf 90' lang='lat' dir='ltr'><strong>ad</strong></span> <span class='ocrx_word' id='word_1_10' title='bbox 233 383 268 444; x_wconf 85' lang='lat' dir='ltr'><strong>L.</strong></span> <span class='ocrx_word' id='word_1_11' title='bbox 285 384 458 445; x_wconf 89' lang='lat' dir='ltr'><strong>Cornelium</strong></span> <span class='ocrx_word' id='word_1_12' title='bbox 480 385 653 458; x_wconf 87' lang='lat' dir='ltr'><strong>consulem,</strong></span> <span class='ocrx_word' id='word_1_13' title='bbox 676 384 728 461; x_wconf 91' lang='lat' dir='ltr'><strong>qui</strong></span> <span class='ocrx_word' id='word_1_14' title='bbox 742 384 857 447; x_wconf 79' lang='lat' dir='ltr'><strong>litteras</strong></span> <span class='ocrx_word' id='word_1_15' title='bbox 874 388 1011 464; x_wconf 78' lang='lat' dir='ltr'>collegae</span> <span class='ocrx_word' id='word_1_16' title='bbox 1026 392 1067 452; x_wconf 89' lang='lat' dir='ltr'><strong>ad</strong></span> 
     </span>
     <span class='ocr_line' id='line_1_3' title="bbox 82 467 1064 549; baseline 0.006 -19"><span class='ocrx_word' id='word_1_17' title='bbox 82 475 223 530; x_wconf 89' lang='lat' dir='ltr'><strong>senatum</strong></span> <span class='ocrx_word' id='word_1_18' title='bbox 236 469 350 530; x_wconf 90' lang='lat' dir='ltr'><strong>missas</strong></span> <span class='ocrx_word' id='word_1_19' title='bbox 367 467 521 529; x_wconf 91' lang='lat' dir='ltr'><strong>deferrent</strong></span> <span class='ocrx_word' id='word_1_20' title='bbox 535 469 576 528; x_wconf 90' lang='lat' dir='ltr'><strong>ad</strong></span> <span class='ocrx_word' id='word_1_21' title='bbox 590 483 667 544; x_wconf 91' lang='lat' dir='ltr'><strong>eum,</strong></span> <span class='ocrx_word' id='word_1_22' title='bbox 684 475 714 530; x_wconf 91' lang='lat' dir='ltr'><strong>et</strong></span> <span class='ocrx_word' id='word_1_23' title='bbox 728 469 900 532; x_wconf 79' lang='lat' dir='ltr'><strong>nuntiarent</strong></span> <span class='ocrx_word' id='word_1_24' title='bbox 915 480 1064 549; x_wconf 89' lang='lat' dir='ltr'><strong>senatum,</strong></span> 
     </span>
     <span class='ocr_line' id='line_1_4' title="bbox 79 551 1065 634; baseline 0.008 -21"><span class='ocrx_word' id='word_1_25' title='bbox 79 555 110 613; x_wconf 92' lang='lat' dir='ltr'><strong>ni</strong></span> <span class='ocrx_word' id='word_1_26' title='bbox 125 551 154 614; x_wconf 90' lang='lat' dir='ltr'><strong>is</strong></span> <span class='ocrx_word' id='word_1_27' title='bbox 169 553 210 614; x_wconf 91' lang='lat' dir='ltr'><strong>ad</strong></span> <span class='ocrx_word' id='word_1_28' title='bbox 223 553 419 628; x_wconf 81' lang='lat' dir='ltr'><strong>magistratus</strong></span> <span class='ocrx_word' id='word_1_29' title='bbox 434 553 649 628; x_wconf 84' lang='lat' dir='ltr'><strong>subrogandos</strong></span> <span class='ocrx_word' id='word_1_30' title='bbox 663 553 793 614; x_wconf 90' lang='lat' dir='ltr'><strong>Romam</strong></span> <span class='ocrx_word' id='word_1_31' title='bbox 808 554 939 631; x_wconf 88' lang='lat' dir='ltr'><strong>veniret,</strong></span> <span class='ocrx_word' id='word_1_32' title='bbox 960 558 1065 634; x_wconf 92' lang='lat' dir='ltr'><strong>potius</strong></span> 
     </span>
     <span class='ocr_line' id='line_1_5' title="bbox 79 635 1065 718; baseline 0.006 -20"><span class='ocrx_word' id='word_1_33' title='bbox 79 653 172 714; x_wconf 91' lang='lat' dir='ltr'><strong>quam</strong></span> <span class='ocrx_word' id='word_1_34' title='bbox 189 637 222 711; x_wconf 78' lang='lat' dir='ltr'><strong>Q.</strong></span> <span class='ocrx_word' id='word_1_35' title='bbox 238 635 404 697; x_wconf 85' lang='lat' dir='ltr'><strong>Minucium</strong></span> <span class='ocrx_word' id='word_1_36' title='bbox 418 652 438 696; x_wconf 90' lang='lat' dir='ltr'><strong>a</strong></span> <span class='ocrx_word' id='word_1_37' title='bbox 451 637 533 697; x_wconf 90' lang='lat' dir='ltr'><strong>bello</strong></span> <span class='ocrx_word' id='word_1_38' title='bbox 548 637 667 712; x_wconf 92' lang='lat' dir='ltr'><strong>integro</strong></span> <span class='ocrx_word' id='word_1_39' title='bbox 682 644 841 713; x_wconf 89' lang='lat' dir='ltr'><strong>avocaret,</strong></span> <span class='ocrx_word' id='word_1_40' title='bbox 857 640 1065 718; x_wconf 78' lang='lat' dir='ltr'><strong>interregnum</strong></span> 
     </span>
     <span class='ocr_line' id='line_1_6' title="bbox 77 719 1062 796; baseline 0.005 -15"><span class='ocrx_word' id='word_1_41' title='bbox 77 722 146 782; x_wconf 89' lang='lat' dir='ltr'><strong>iniri</strong></span> <span class='ocrx_word' id='word_1_42' title='bbox 161 737 337 796; x_wconf 88' lang='lat' dir='ltr'><strong>passurum.</strong></span> <span class='ocrx_word' id='word_1_43' title='bbox 360 721 447 781; x_wconf 92' lang='lat' dir='ltr'><strong>missi</strong></span> <span class='ocrx_word' id='word_1_44' title='bbox 460 719 553 796; x_wconf 87' lang='lat' dir='ltr'><strong>legati</strong></span> <span class='ocrx_word' id='word_1_45' title='bbox 566 722 777 784; x_wconf 89' lang='lat' dir='ltr'><strong>renuntiarunt</strong></span> <span class='ocrx_word' id='word_1_46' title='bbox 790 721 823 784; x_wconf 88' lang='lat' dir='ltr'><strong>L.</strong></span> <span class='ocrx_word' id='word_1_47' title='bbox 837 722 1007 787; x_wconf 83' lang='lat' dir='ltr'><strong>cornelium</strong></span> <span class='ocrx_word' id='word_1_48' title='bbox 1024 728 1062 788; x_wconf 87' lang='lat' dir='ltr'><strong>ad</strong></span> 
     </span>
     <span class='ocr_line' id='line_1_7' title="bbox 77 805 1063 880; baseline 0.005 -15"><span class='ocrx_word' id='word_1_49' title='bbox 77 806 276 880; x_wconf 83' lang='lat' dir='ltr'><strong>magistratus</strong></span> <span class='ocrx_word' id='word_1_50' title='bbox 303 805 520 880; x_wconf 86' lang='lat' dir='ltr'><strong>subrogandos</strong></span> <span class='ocrx_word' id='word_1_51' title='bbox 538 805 667 866; x_wconf 90' lang='lat' dir='ltr'><strong>Romam</strong></span> <span class='ocrx_word' id='word_1_52' title='bbox 692 813 861 870; x_wconf 74' lang='lat' dir='ltr'><strong>vertunum.</strong></span> <span class='ocrx_word' id='word_1_53' title='bbox 895 809 935 870; x_wconf 92' lang='lat' dir='ltr'><strong>de</strong></span> <span class='ocrx_word' id='word_1_54' title='bbox 956 809 1063 871; x_wconf 89' lang='lat' dir='ltr'><strong>litteris</strong></span> 
     </span>
     <span class='ocr_line' id='line_1_8' title="bbox 76 889 1062 968; baseline 0.005 -18"><span class='ocrx_word' id='word_1_55' title='bbox 76 890 108 950; x_wconf 95' lang='lat' dir='ltr'><strong>L.</strong></span> <span class='ocrx_word' id='word_1_56' title='bbox 121 889 265 964; x_wconf 84' lang='lat' dir='ltr'><strong>Cornelii,</strong></span> <span class='ocrx_word' id='word_1_57' title='bbox 281 905 360 966; x_wconf 90' lang='lat' dir='ltr'><strong>quas</strong></span> <span class='ocrx_word' id='word_1_58' title='bbox 371 889 539 965; x_wconf 84' lang='lat' dir='ltr'><strong>scripserat</strong></span> <span class='ocrx_word' id='word_1_59' title='bbox 550 890 720 951; x_wconf 89' lang='lat' dir='ltr'><strong>secundum</strong></span> <span class='ocrx_word' id='word_1_60' title='bbox 733 891 883 968; x_wconf 90' lang='lat' dir='ltr'><strong>proelium</strong></span> <span class='ocrx_word' id='word_1_61' title='bbox 897 909 966 954; x_wconf 90' lang='lat' dir='ltr'><strong>oum</strong></span> <span class='ocrx_word' id='word_1_62' title='bbox 976 894 1062 956; x_wconf 91' lang='lat' dir='ltr'><strong>Boiis</strong></span> 
     </span>
     <span class='ocr_line' id='line_1_9' title="bbox 77 973 1062 1055; baseline 0.006 -22"><span class='ocrx_word' id='word_1_63' title='bbox 77 975 201 1050; x_wconf 90' lang='lat' dir='ltr'><strong>factum,</strong></span> <span class='ocrx_word' id='word_1_64' title='bbox 216 973 398 1050; x_wconf 78' lang='lat' dir='ltr'><strong>disceptatio</strong></span> <span class='ocrx_word' id='word_1_65' title='bbox 416 973 446 1032; x_wconf 96' lang='lat' dir='ltr'><strong>in</strong></span> <span class='ocrx_word' id='word_1_66' title='bbox 463 980 572 1034; x_wconf 89' lang='lat' dir='ltr'><strong>senatu</strong></span> <span class='ocrx_word' id='word_1_67' title='bbox 586 974 651 1049; x_wconf 88' lang='lat' dir='ltr'><strong>fuit,</strong></span> <span class='ocrx_word' id='word_1_68' title='bbox 668 974 741 1050; x_wconf 93' lang='lat' dir='ltr'><strong>quia</strong></span> <span class='ocrx_word' id='word_1_69' title='bbox 751 975 892 1052; x_wconf 89' lang='lat' dir='ltr'><strong>privatim</strong></span> <span class='ocrx_word' id='word_1_70' title='bbox 903 977 1062 1055; x_wconf 89' lang='lat' dir='ltr'><strong>plerisque</strong></span> 
     </span>
     <span class='ocr_line' id='line_1_10' title="bbox 76 1057 1063 1138; baseline 0.002 -18"><span class='ocrx_word' id='word_1_71' title='bbox 76 1057 273 1120; x_wconf 90' lang='lat' dir='ltr'><strong>senatoribus</strong></span> <span class='ocrx_word' id='word_1_72' title='bbox 287 1059 406 1134; x_wconf 90' lang='lat' dir='ltr'><strong>legatus</strong></span> <span class='ocrx_word' id='word_1_73' title='bbox 417 1057 458 1117; x_wconf 88' lang='grc' dir='ltr'><strong>Μ.</strong></span> <span class='ocrx_word' id='word_1_74' title='bbox 471 1057 616 1119; x_wconf 88' lang='lat' dir='ltr'><strong>Claudius</strong></span> <span class='ocrx_word' id='word_1_75' title='bbox 628 1059 794 1134; x_wconf 79' lang='lat' dir='ltr'><strong>scripserat</strong></span> <span class='ocrx_word' id='word_1_76' title='bbox 804 1060 943 1122; x_wconf 74' lang='lat' dir='ltr'><strong>fortunae</strong></span> <span class='ocrx_word' id='word_1_77' title='bbox 954 1062 1063 1138; x_wconf 91' lang='lat' dir='ltr'><strong>populi</strong></span> 
     </span>
     <span class='ocr_line' id='line_1_11' title="bbox 74 1142 1062 1221; baseline 0.003 -17"><span class='ocrx_word' id='word_1_78' title='bbox 74 1142 207 1204; x_wconf 88' lang='lat' dir='ltr'><strong>Romani</strong></span> <span class='ocrx_word' id='word_1_79' title='bbox 229 1150 259 1203; x_wconf 90' lang='lat' dir='ltr'><strong>et</strong></span> <span class='ocrx_word' id='word_1_80' title='bbox 277 1143 404 1203; x_wconf 87' lang='lat' dir='ltr'><strong>militum</strong></span> <span class='ocrx_word' id='word_1_81' title='bbox 422 1142 525 1202; x_wconf 87' lang='lat' dir='ltr'><strong>virtuti</strong></span> <span class='ocrx_word' id='word_1_82' title='bbox 545 1142 673 1217; x_wconf 86' lang='lat' dir='ltr'><strong>gratiam</strong></span> <span class='ocrx_word' id='word_1_83' title='bbox 693 1142 880 1220; x_wconf 91' lang='lat' dir='ltr'><strong>habendam,</strong></span> <span class='ocrx_word' id='word_1_84' title='bbox 904 1145 989 1221; x_wconf 93' lang='lat' dir='ltr'><strong>quod</strong></span> <span class='ocrx_word' id='word_1_85' title='bbox 1009 1161 1062 1207; x_wconf 90' lang='lat' dir='ltr'><strong>res</strong></span> 
     </span>
     <span class='ocr_line' id='line_1_12' title="bbox 72 1225 1061 1304; baseline 0.003 -16"><span class='ocrx_word' id='word_1_86' title='bbox 72 1227 155 1288; x_wconf 89' lang='lat' dir='ltr'><strong>bene</strong></span> <span class='ocrx_word' id='word_1_87' title='bbox 177 1232 267 1302; x_wconf 89' lang='lat' dir='ltr'><strong>gesta</strong></span> <span class='ocrx_word' id='word_1_88' title='bbox 286 1233 380 1288; x_wconf 87' lang='lat' dir='ltr'><strong>esset</strong></span> <span class='ocrx_word' id='word_1_89' title='bbox 412 1225 548 1288; x_wconf 90' lang='lat' dir='ltr'><strong>consulis</strong></span> <span class='ocrx_word' id='word_1_90' title='bbox 572 1241 666 1302; x_wconf 90' lang='lat' dir='ltr'><strong>opera</strong></span> <span class='ocrx_word' id='word_1_91' title='bbox 686 1233 715 1287; x_wconf 91' lang='lat' dir='ltr'><strong>et</strong></span> <span class='ocrx_word' id='word_1_92' title='bbox 729 1227 855 1288; x_wconf 92' lang='lat' dir='ltr'><strong>militum</strong></span> <span class='ocrx_word' id='word_1_93' title='bbox 871 1228 1061 1304; x_wconf 89' lang='lat' dir='ltr'><strong>aliquantum</strong></span> 
     </span>
     <span class='ocr_line' id='line_1_13' title="bbox 73 1311 1061 1386; baseline 0 -14"><span class='ocrx_word' id='word_1_94' title='bbox 73 1311 235 1386; x_wconf 88' lang='lat' dir='ltr'><strong>amissum,</strong></span> <span class='ocrx_word' id='word_1_95' title='bbox 250 1317 280 1370; x_wconf 91' lang='lat' dir='ltr'><strong>et</strong></span> <span class='ocrx_word' id='word_1_96' title='bbox 293 1311 428 1372; x_wconf 91' lang='lat' dir='ltr'><strong>hostium</strong></span> <span class='ocrx_word' id='word_1_97' title='bbox 442 1311 624 1384; x_wconf 84' lang='lat' dir='ltr'><strong>exereitum,</strong></span> <span class='ocrx_word' id='word_1_98' title='bbox 641 1311 729 1372; x_wconf 90' lang='lat' dir='ltr'><strong>cuius</strong></span> <span class='ocrx_word' id='word_1_99' title='bbox 745 1311 867 1372; x_wconf 91' lang='lat' dir='ltr'><strong>delendi</strong></span> <span class='ocrx_word' id='word_1_100' title='bbox 882 1312 985 1373; x_wconf 89' lang='lat' dir='ltr'><strong>oblata</strong></span> <span class='ocrx_word' id='word_1_101' title='bbox 999 1315 1061 1375; x_wconf 91' lang='lat' dir='ltr'><strong>for-</strong></span> 
     </span>
     <span class='ocr_line' id='line_1_14' title="bbox 71 1394 1059 1472; baseline 0.001 -15"><span class='ocrx_word' id='word_1_102' title='bbox 71 1403 147 1457; x_wconf 90' lang='lat' dir='ltr'><strong>tuna</strong></span> <span class='ocrx_word' id='word_1_103' title='bbox 160 1394 262 1468; x_wconf 89' lang='lat' dir='ltr'><strong>fuerit,</strong></span> <span class='ocrx_word' id='word_1_104' title='bbox 278 1396 427 1471; x_wconf 89' lang='lat' dir='ltr'><strong>elapsum.</strong></span> <span class='ocrx_word' id='word_1_105' title='bbox 455 1395 565 1455; x_wconf 91' lang='lat' dir='ltr'><strong>milites</strong></span> <span class='ocrx_word' id='word_1_106' title='bbox 581 1409 619 1455; x_wconf 89' lang='lat' dir='ltr'><strong>eo</strong></span> <span class='ocrx_word' id='word_1_107' title='bbox 635 1395 740 1472; x_wconf 91' lang='lat' dir='ltr'><strong>plures</strong></span> <span class='ocrx_word' id='word_1_108' title='bbox 754 1395 885 1471; x_wconf 91' lang='lat' dir='ltr'><strong>perisse,</strong></span> <span class='ocrx_word' id='word_1_109' title='bbox 901 1397 987 1472; x_wconf 89' lang='lat' dir='ltr'><strong>quod</strong></span> <span class='ocrx_word' id='word_1_110' title='bbox 1000 1405 1059 1458; x_wconf 89' lang='lat' dir='ltr'><strong>tar-</strong></span> 
     </span>
     <span class='ocr_line' id='line_1_15' title="bbox 74 1478 1060 1556; baseline 0.003 -16"><span class='ocrx_word' id='word_1_111' title='bbox 74 1481 142 1541; x_wconf 94' lang='lat' dir='ltr'><strong>dius</strong></span> <span class='ocrx_word' id='word_1_112' title='bbox 160 1495 202 1538; x_wconf 87' lang='lat' dir='ltr'><strong>ex</strong></span> <span class='ocrx_word' id='word_1_113' title='bbox 216 1478 380 1555; x_wconf 91' lang='lat' dir='ltr'><strong>subsidiis,</strong></span> <span class='ocrx_word' id='word_1_114' title='bbox 397 1479 449 1554; x_wconf 92' lang='lat' dir='ltr'><strong>qui</strong></span> <span class='ocrx_word' id='word_1_115' title='bbox 463 1479 674 1542; x_wconf 88' lang='lat' dir='ltr'><strong>laborantibus</strong></span> <span class='ocrx_word' id='word_1_116' title='bbox 690 1496 781 1556; x_wconf 91' lang='lat' dir='ltr'><strong>opem</strong></span> <span class='ocrx_word' id='word_1_117' title='bbox 795 1479 918 1555; x_wconf 84' lang='lat' dir='ltr'><strong>ferrent,</strong></span> <span class='ocrx_word' id='word_1_118' title='bbox 934 1497 1060 1543; x_wconf 90' lang='lat' dir='ltr'><strong>succes-</strong></span> 
     </span>
     <span class='ocr_line' id='line_1_16' title="bbox 72 1562 1060 1643; baseline 0.002 -19"><span class='ocrx_word' id='word_1_119' title='bbox 72 1565 207 1634; x_wconf 80' lang='lat' dir='ltr'><strong>sissent3</strong></span> <span class='ocrx_word' id='word_1_120' title='bbox 229 1563 336 1626; x_wconf 89' lang='lat' dir='ltr'><strong>hostes</strong></span> <span class='ocrx_word' id='word_1_121' title='bbox 351 1563 521 1624; x_wconf 89' lang='lat' dir='ltr'><strong>emanibus</strong></span> <span class='ocrx_word' id='word_1_122' title='bbox 536 1562 679 1639; x_wconf 90' lang='lat' dir='ltr'><strong>emissos,</strong></span> <span class='ocrx_word' id='word_1_123' title='bbox 695 1563 780 1640; x_wconf 93' lang='lat' dir='ltr'><strong>quod</strong></span> <span class='ocrx_word' id='word_1_124' title='bbox 795 1565 951 1639; x_wconf 91' lang='lat' dir='ltr'><strong>equitibus</strong></span> <span class='ocrx_word' id='word_1_125' title='bbox 965 1566 1060 1643; x_wconf 84' lang='lat' dir='ltr'><strong>legio-</strong></span> 
     </span>
     <span class='ocr_line' id='line_1_17' title="bbox 71 1645 1059 1725; baseline 0.003 -17"><span class='ocrx_word' id='word_1_126' title='bbox 71 1648 172 1708; x_wconf 87' lang='lat' dir='ltr'><strong>nariis</strong></span> <span class='ocrx_word' id='word_1_127' title='bbox 187 1656 217 1708; x_wconf 89' lang='lat' dir='ltr'><strong>et</strong></span> <span class='ocrx_word' id='word_1_128' title='bbox 230 1646 349 1708; x_wconf 85' lang='lat' dir='ltr'><strong>tardius</strong></span> <span class='ocrx_word' id='word_1_129' title='bbox 364 1647 467 1708; x_wconf 92' lang='lat' dir='ltr'><strong>datum</strong></span> <span class='ocrx_word' id='word_1_130' title='bbox 478 1645 600 1722; x_wconf 90' lang='lat' dir='ltr'><strong>signum</strong></span> <span class='ocrx_word' id='word_1_131' title='bbox 611 1655 695 1709; x_wconf 89' lang='lat' dir='ltr'><strong>esset</strong></span> <span class='ocrx_word' id='word_1_132' title='bbox 707 1656 737 1709; x_wconf 91' lang='lat' dir='ltr'><strong>et</strong></span> <span class='ocrx_word' id='word_1_133' title='bbox 748 1649 894 1725; x_wconf 86' lang='lat' dir='ltr'><strong>persequi</strong></span> <span class='ocrx_word' id='word_1_134' title='bbox 906 1649 1059 1725; x_wconf 89' lang='lat' dir='ltr'><strong>fugientes</strong></span> 
     </span>
     <span class='ocr_line' id='line_1_18' title="bbox 71 1731 1059 1808; baseline 0.003 -14"><span class='ocrx_word' id='word_1_135' title='bbox 71 1749 132 1794; x_wconf 91' lang='lat' dir='ltr'><strong>uon</strong></span> <span class='ocrx_word' id='word_1_136' title='bbox 150 1731 300 1793; x_wconf 90' lang='lat' dir='ltr'><strong>licuisset.</strong></span> <span class='ocrx_word' id='word_1_137' title='bbox 328 1731 394 1791; x_wconf 90' lang='lat' dir='ltr'><strong>Vll.</strong></span> <span class='ocrx_word' id='word_1_138' title='bbox 418 1733 457 1792; x_wconf 91' lang='lat' dir='ltr'><strong>de</strong></span> <span class='ocrx_word' id='word_1_139' title='bbox 472 1746 510 1790; x_wconf 89' lang='lat' dir='ltr'><strong>ea</strong></span> <span class='ocrx_word' id='word_1_140' title='bbox 523 1746 558 1791; x_wconf 92' lang='lat' dir='ltr'><strong>re</strong></span> <span class='ocrx_word' id='word_1_141' title='bbox 571 1731 646 1791; x_wconf 92' lang='lat' dir='ltr'><strong>nihil</strong></span> <span class='ocrx_word' id='word_1_142' title='bbox 658 1739 773 1793; x_wconf 88' lang='lat' dir='ltr'><strong>temere</strong></span> <span class='ocrx_word' id='word_1_143' title='bbox 791 1733 914 1793; x_wconf 89' lang='lat' dir='ltr'><strong>decerni</strong></span> <span class='ocrx_word' id='word_1_144' title='bbox 928 1735 1059 1808; x_wconf 77' lang='lat' dir='ltr'><strong>placuit,</strong></span> 
     </span>
     <span class='ocr_line' id='line_1_19' title="bbox 71 1815 1060 1894; baseline 0 -16"><span class='ocrx_word' id='word_1_145' title='bbox 71 1818 111 1878; x_wconf 90' lang='lat' dir='ltr'><strong>ad</strong></span> <span class='ocrx_word' id='word_1_146' title='bbox 124 1817 356 1894; x_wconf 77' lang='lat' dir='ltr'><strong>frequentiores</strong></span> <span class='ocrx_word' id='word_1_147' title='bbox 368 1815 552 1877; x_wconf 89' lang='lat' dir='ltr'><strong>consultatio</strong></span> <span class='ocrx_word' id='word_1_148' title='bbox 565 1815 658 1876; x_wconf 90' lang='lat' dir='ltr'><strong>dilata</strong></span> <span class='ocrx_word' id='word_1_149' title='bbox 669 1822 725 1877; x_wconf 91' lang='lat' dir='ltr'><strong>est.</strong></span> <span class='ocrx_word' id='word_1_150' title='bbox 747 1817 881 1878; x_wconf 91' lang='lat' dir='ltr'><strong>instabat</strong></span> <span class='ocrx_word' id='word_1_151' title='bbox 893 1819 974 1878; x_wconf 90' lang='lat' dir='ltr'><strong>enim</strong></span> <span class='ocrx_word' id='word_1_152' title='bbox 985 1835 1060 1881; x_wconf 93' lang='lat' dir='ltr'><strong>cura</strong></span> 
     </span>
     <span class='ocr_line' id='line_1_20' title="bbox 72 1898 1058 1976; baseline 0.002 -14"><span class='ocrx_word' id='word_1_153' title='bbox 72 1901 147 1976; x_wconf 86' lang='lat' dir='ltr'><strong>alia,</strong></span> <span class='ocrx_word' id='word_1_154' title='bbox 172 1901 256 1976; x_wconf 94' lang='lat' dir='ltr'><strong>quod</strong></span> <span class='ocrx_word' id='word_1_155' title='bbox 278 1899 385 1961; x_wconf 86' lang='lat' dir='ltr'><strong>civitas</strong></span> <span class='ocrx_word' id='word_1_156' title='bbox 405 1900 513 1960; x_wconf 90' lang='lat' dir='ltr'><strong>fenore</strong></span> <span class='ocrx_word' id='word_1_157' title='bbox 533 1898 707 1974; x_wconf 90' lang='lat' dir='ltr'><strong>laborabat,</strong></span> <span class='ocrx_word' id='word_1_158' title='bbox 729 1907 760 1962; x_wconf 92' lang='lat' dir='ltr'><strong>et</strong></span> <span class='ocrx_word' id='word_1_159' title='bbox 774 1901 859 1976; x_wconf 90' lang='lat' dir='ltr'><strong>quod</strong></span> <span class='ocrx_word' id='word_1_160' title='bbox 873 1917 942 1963; x_wconf 93' lang='lat' dir='ltr'><strong>cum</strong></span> <span class='ocrx_word' id='word_1_161' title='bbox 956 1903 1058 1964; x_wconf 91' lang='lat' dir='ltr'><strong>multis</strong></span> 
     </span>
     <span class='ocr_line' id='line_1_21' title="bbox 71 1982 1058 2060; baseline 0.002 -15"><span class='ocrx_word' id='word_1_162' title='bbox 71 1984 252 2048; x_wconf 83' lang='lat' dir='ltr'><strong>fenebribus</strong></span> <span class='ocrx_word' id='word_1_163' title='bbox 272 1985 393 2060; x_wconf 85' lang='lat' dir='ltr'><strong>legibus</strong></span> <span class='ocrx_word' id='word_1_164' title='bbox 415 1982 579 2044; x_wconf 89' lang='lat' dir='ltr'><strong>constricta</strong></span> <span class='ocrx_word' id='word_1_165' title='bbox 599 1984 726 2047; x_wconf 74' lang='lat' dir='ltr'><strong>avando</strong></span> <span class='ocrx_word' id='word_1_166' title='bbox 745 1991 844 2060; x_wconf 90' lang='lat' dir='ltr'><strong>esset,</strong></span> <span class='ocrx_word' id='word_1_167' title='bbox 869 1985 920 2045; x_wconf 91' lang='lat' dir='ltr'><strong>via</strong></span> <span class='ocrx_word' id='word_1_168' title='bbox 940 1987 1058 2048; x_wconf 89' lang='lat' dir='ltr'><strong>fraudis</strong></span> 
     </span>
     <span class='ocr_line' id='line_1_22' title="bbox 71 2065 1057 2145; baseline 0.003 -17"><span class='ocrx_word' id='word_1_169' title='bbox 71 2070 145 2130; x_wconf 91' lang='lat' dir='ltr'><strong>inita</strong></span> <span class='ocrx_word' id='word_1_170' title='bbox 168 2075 248 2142; x_wconf 90' lang='lat' dir='ltr'><strong>erat,</strong></span> <span class='ocrx_word' id='word_1_171' title='bbox 269 2075 304 2129; x_wconf 94' lang='lat' dir='ltr'><strong>ut</strong></span> <span class='ocrx_word' id='word_1_172' title='bbox 326 2067 357 2128; x_wconf 91' lang='lat' dir='ltr'><strong>in</strong></span> <span class='ocrx_word' id='word_1_173' title='bbox 378 2068 499 2142; x_wconf 89' lang='lat' dir='ltr'><strong>socios,</strong></span> <span class='ocrx_word' id='word_1_174' title='bbox 520 2069 574 2144; x_wconf 93' lang='lat' dir='ltr'><strong>qui</strong></span> <span class='ocrx_word' id='word_1_175' title='bbox 594 2085 656 2130; x_wconf 94' lang='lat' dir='ltr'><strong>non</strong></span> <span class='ocrx_word' id='word_1_176' title='bbox 677 2065 854 2130; x_wconf 89' lang='lat' dir='ltr'><strong>tenerentur</strong></span> <span class='ocrx_word' id='word_1_177' title='bbox 873 2069 912 2130; x_wconf 91' lang='lat' dir='ltr'><strong>iis</strong></span> <span class='ocrx_word' id='word_1_178' title='bbox 926 2069 1057 2145; x_wconf 90' lang='lat' dir='ltr'><strong>legibus,</strong></span> 
     </span>
     <span class='ocr_line' id='line_1_23' title="bbox 71 2152 1058 2216; baseline 0 -3"><span class='ocrx_word' id='word_1_179' title='bbox 71 2153 200 2215; x_wconf 89' lang='lat' dir='ltr'><strong>nomina</strong></span> <span class='ocrx_word' id='word_1_180' title='bbox 214 2153 484 2214; x_wconf 79' lang='lat' dir='ltr'><strong>transscriberent=</strong></span> <span class='ocrx_word' id='word_1_181' title='bbox 505 2152 547 2213; x_wconf 88' lang='lat' dir='ltr'><strong>ita</strong></span> <span class='ocrx_word' id='word_1_182' title='bbox 558 2153 655 2215; x_wconf 90' lang='lat' dir='ltr'><strong>libero</strong></span> <span class='ocrx_word' id='word_1_183' title='bbox 671 2154 779 2214; x_wconf 89' lang='lat' dir='ltr'><strong>fenore</strong></span> <span class='ocrx_word' id='word_1_184' title='bbox 793 2154 964 2216; x_wconf 88' lang='lat' dir='ltr'><strong>obruebant</strong></span> <span class='ocrx_word' id='word_1_185' title='bbox 973 2153 1058 2214; x_wconf 93' lang='lat' dir='ltr'><strong>debi-</strong></span> 
     </span>
     <span class='ocr_line' id='line_1_24' title="bbox 70 2237 1058 2314; baseline 0.001 -16"><span class='ocrx_word' id='word_1_186' title='bbox 70 2246 167 2299; x_wconf 86' lang='lat' dir='ltr'><strong>tores.</strong></span> <span class='ocrx_word' id='word_1_187' title='bbox 194 2238 283 2298; x_wconf 87' lang='lat' dir='ltr'><strong>cuius</strong></span> <span class='ocrx_word' id='word_1_188' title='bbox 298 2237 462 2298; x_wconf 88' lang='lat' dir='ltr'><strong>coercendi</strong></span> <span class='ocrx_word' id='word_1_189' title='bbox 476 2252 546 2297; x_wconf 90' lang='lat' dir='ltr'><strong>cum</strong></span> <span class='ocrx_word' id='word_1_190' title='bbox 558 2237 637 2299; x_wconf 90' lang='lat' dir='ltr'><strong>ratio</strong></span> <span class='ocrx_word' id='word_1_191' title='bbox 653 2244 859 2314; x_wconf 85' lang='lat' dir='ltr'><strong>quaereretur,</strong></span> <span class='ocrx_word' id='word_1_192' title='bbox 874 2238 954 2298; x_wconf 90' lang='lat' dir='ltr'><strong>diem</strong></span> <span class='ocrx_word' id='word_1_193' title='bbox 969 2237 1058 2299; x_wconf 87' lang='lat' dir='ltr'><strong>finire</strong></span> 
     </span>
     <span class='ocr_line' id='line_1_25' title="bbox 69 2321 1058 2398; baseline 0 -16"><span class='ocrx_word' id='word_1_194' title='bbox 69 2322 189 2396; x_wconf 89' lang='lat' dir='ltr'><strong>placuit</strong></span> <span class='ocrx_word' id='word_1_195' title='bbox 201 2321 336 2394; x_wconf 88' lang='lat' dir='ltr'><strong>Feralia,</strong></span> <span class='ocrx_word' id='word_1_196' title='bbox 359 2337 439 2398; x_wconf 91' lang='lat' dir='ltr'><strong>quae</strong></span> <span class='ocrx_word' id='word_1_197' title='bbox 459 2321 599 2398; x_wconf 86' lang='lat' dir='ltr'><strong>proxime</strong></span> <span class='ocrx_word' id='word_1_198' title='bbox 620 2323 766 2398; x_wconf 92' lang='lat' dir='ltr'><strong>fuissent,</strong></span> <span class='ocrx_word' id='word_1_199' title='bbox 788 2329 822 2384; x_wconf 94' lang='lat' dir='ltr'><strong>ut</strong></span> <span class='ocrx_word' id='word_1_200' title='bbox 836 2322 888 2398; x_wconf 92' lang='lat' dir='ltr'><strong>qui</strong></span> <span class='ocrx_word' id='word_1_201' title='bbox 903 2330 975 2398; x_wconf 91' lang='lat' dir='ltr'><strong>post</strong></span> <span class='ocrx_word' id='word_1_202' title='bbox 989 2338 1058 2382; x_wconf 89' lang='lat' dir='ltr'><strong>eam</strong></span> 
     </span>
     <span class='ocr_line' id='line_1_26' title="bbox 70 2405 1056 2481; baseline 0 -15"><span class='ocrx_word' id='word_1_203' title='bbox 70 2406 155 2466; x_wconf 89' lang='lat' dir='ltr'><strong>diem</strong></span> <span class='ocrx_word' id='word_1_204' title='bbox 173 2405 251 2466; x_wconf 92' lang='lat' dir='ltr'><strong>socii</strong></span> <span class='ocrx_word' id='word_1_205' title='bbox 266 2405 386 2466; x_wconf 89' lang='lat' dir='ltr'><strong>civibus</strong></span> <span class='ocrx_word' id='word_1_206' title='bbox 400 2405 548 2466; x_wconf 89' lang='lat' dir='ltr'><strong>Romanis</strong></span> <span class='ocrx_word' id='word_1_207' title='bbox 564 2406 769 2468; x_wconf 86' lang='lat' dir='ltr'><strong>credidissent</strong></span> <span class='ocrx_word' id='word_1_208' title='bbox 783 2406 946 2480; x_wconf 89' lang='lat' dir='ltr'><strong>pecunias,</strong></span> <span class='ocrx_word' id='word_1_209' title='bbox 962 2407 1056 2481; x_wconf 91' lang='lat' dir='ltr'><strong>profi-</strong></span> 
     </span>
     <span class='ocr_line' id='line_1_27' title="bbox 68 2489 1058 2566; baseline -0.003 -16"><span class='ocrx_word' id='word_1_210' title='bbox 68 2497 225 2566; x_wconf 89' lang='lat' dir='ltr'><strong>terentur,</strong></span> <span class='ocrx_word' id='word_1_211' title='bbox 247 2498 277 2552; x_wconf 91' lang='lat' dir='ltr'><strong>et</strong></span> <span class='ocrx_word' id='word_1_212' title='bbox 296 2506 334 2554; x_wconf 79' lang='lat' dir='ltr'><strong>ex</strong></span> <span class='ocrx_word' id='word_1_213' title='bbox 350 2505 388 2550; x_wconf 91' lang='lat' dir='ltr'><strong>ea</strong></span> <span class='ocrx_word' id='word_1_214' title='bbox 402 2490 451 2550; x_wconf 88' lang='lat' dir='ltr'><strong>die</strong></span> <span class='ocrx_word' id='word_1_215' title='bbox 473 2489 624 2565; x_wconf 90' lang='lat' dir='ltr'><strong>pecuniae</strong></span> <span class='ocrx_word' id='word_1_216' title='bbox 639 2490 788 2564; x_wconf 85' lang='lat' dir='ltr'><strong>creditae,</strong></span> <span class='ocrx_word' id='word_1_217' title='bbox 811 2491 923 2563; x_wconf 91' lang='lat' dir='ltr'><strong>quibus</strong></span> <span class='ocrx_word' id='word_1_218' title='bbox 938 2489 1058 2549; x_wconf 92' lang='lat' dir='ltr'><strong>debitor</strong></span> 
     </span>
     <span class='ocr_line' id='line_1_28' title="bbox 68 2572 1057 2650; baseline -0.003 -16"><span class='ocrx_word' id='word_1_219' title='bbox 68 2575 166 2636; x_wconf 84' lang='lat' dir='ltr'><strong>vellet</strong></span> <span class='ocrx_word' id='word_1_220' title='bbox 186 2575 321 2650; x_wconf 90' lang='lat' dir='ltr'><strong>legibus,</strong></span> <span class='ocrx_word' id='word_1_221' title='bbox 342 2575 390 2635; x_wconf 91' lang='lat' dir='ltr'><strong>ius</strong></span> <span class='ocrx_word' id='word_1_222' title='bbox 413 2573 556 2634; x_wconf 88' lang='lat' dir='ltr'><strong>creditori</strong></span> <span class='ocrx_word' id='word_1_223' title='bbox 576 2573 766 2634; x_wconf 88' lang='lat' dir='ltr'><strong>redderetur.</strong></span> <span class='ocrx_word' id='word_1_224' title='bbox 800 2572 872 2632; x_wconf 89' lang='lat' dir='ltr'><strong>inde</strong></span> <span class='ocrx_word' id='word_1_225' title='bbox 891 2579 1057 2647; x_wconf 86' lang='lat' dir='ltr'><strong>postquam</strong></span> 
     </span>
     <span class='ocr_line' id='line_1_29' title="bbox 68 2655 1058 2735; baseline -0.002 -17"><span class='ocrx_word' id='word_1_226' title='bbox 68 2659 321 2735; x_wconf 80' lang='lat' dir='ltr'><strong>professionibus</strong></span> <span class='ocrx_word' id='word_1_227' title='bbox 337 2658 457 2719; x_wconf 86' lang='lat' dir='ltr'><strong>detecta</strong></span> <span class='ocrx_word' id='word_1_228' title='bbox 471 2663 519 2718; x_wconf 90' lang='lat' dir='ltr'><strong>est</strong></span> <span class='ocrx_word' id='word_1_229' title='bbox 529 2655 706 2730; x_wconf 89' lang='lat' dir='ltr'><strong>magnitudo</strong></span> <span class='ocrx_word' id='word_1_230' title='bbox 717 2656 797 2717; x_wconf 90' lang='lat' dir='ltr'><strong>aeris</strong></span> <span class='ocrx_word' id='word_1_231' title='bbox 810 2656 899 2717; x_wconf 89' lang='lat' dir='ltr'><strong>alieni</strong></span> <span class='ocrx_word' id='word_1_232' title='bbox 910 2673 967 2731; x_wconf 88' lang='lat' dir='ltr'><strong>per</strong></span> <span class='ocrx_word' id='word_1_233' title='bbox 978 2656 1058 2716; x_wconf 91' lang='lat' dir='ltr'><strong>hanc</strong></span> 
     </span>
     <span class='ocr_line' id='line_1_30' title="bbox 69 2739 1057 2817; baseline -0.003 -15"><span class='ocrx_word' id='word_1_234' title='bbox 69 2743 214 2804; x_wconf 89' lang='lat' dir='ltr'><strong>fraudem</strong></span> <span class='ocrx_word' id='word_1_235' title='bbox 242 2743 403 2817; x_wconf 90' lang='lat' dir='ltr'><strong>contracti,</strong></span> <span class='ocrx_word' id='word_1_236' title='bbox 432 2740 473 2802; x_wconf 90' lang='grc' dir='ltr'><strong>Μ.</strong></span> <span class='ocrx_word' id='word_1_237' title='bbox 499 2739 701 2816; x_wconf 88' lang='lat' dir='ltr'><strong>Sempronius</strong></span> <span class='ocrx_word' id='word_1_238' title='bbox 729 2741 867 2801; x_wconf 91' lang='lat' dir='ltr'><strong>tribunus</strong></span> <span class='ocrx_word' id='word_1_239' title='bbox 894 2740 991 2816; x_wconf 91' lang='lat' dir='ltr'><strong>plebis</strong></span> <span class='ocrx_word' id='word_1_240' title='bbox 1017 2755 1057 2800; x_wconf 85' lang='lat' dir='ltr'><strong>ex</strong></span> 
     </span>
     <span class='ocr_line' id='line_1_31' title="bbox 70 2825 1057 2902; baseline -0.003 -15"><span class='ocrx_word' id='word_1_241' title='bbox 70 2827 254 2893; x_wconf 82' lang='lat' dir='ltr'><strong>auctoritate</strong></span> <span class='ocrx_word' id='word_1_242' title='bbox 274 2833 395 2902; x_wconf 91' lang='lat' dir='ltr'><strong>patrum</strong></span> <span class='ocrx_word' id='word_1_243' title='bbox 414 2825 537 2902; x_wconf 92' lang='lat' dir='ltr'><strong>plebem</strong></span> <span class='ocrx_word' id='word_1_244' title='bbox 556 2826 691 2901; x_wconf 88' lang='lat' dir='ltr'><strong>rogavit,</strong></span> <span class='ocrx_word' id='word_1_245' title='bbox 712 2825 883 2901; x_wconf 89' lang='lat' dir='ltr'><strong>plebesque</strong></span> <span class='ocrx_word' id='word_1_246' title='bbox 898 2825 1001 2897; x_wconf 89' lang='lat' dir='ltr'><strong>seivit,</strong></span> <span class='ocrx_word' id='word_1_247' title='bbox 1023 2830 1057 2884; x_wconf 92' lang='lat' dir='ltr'><strong>ut</strong></span> 
     </span>
     <span class='ocr_line' id='line_1_32' title="bbox 70 2908 1056 2985; baseline -0.004 -13"><span class='ocrx_word' id='word_1_248' title='bbox 70 2926 143 2972; x_wconf 89' lang='lat' dir='ltr'><strong>cum</strong></span> <span class='ocrx_word' id='word_1_249' title='bbox 165 2911 261 2972; x_wconf 91' lang='lat' dir='ltr'><strong>sociis</strong></span> <span class='ocrx_word' id='word_1_250' title='bbox 283 2927 319 2972; x_wconf 89' lang='lat' dir='ltr'><strong>ac</strong></span> <span class='ocrx_word' id='word_1_251' title='bbox 340 2911 463 2972; x_wconf 88' lang='lat' dir='ltr'><strong>nomine</strong></span> <span class='ocrx_word' id='word_1_252' title='bbox 475 2908 584 2972; x_wconf 88' lang='lat' dir='ltr'><strong>Latino</strong></span> <span class='ocrx_word' id='word_1_253' title='bbox 599 2908 750 2985; x_wconf 92' lang='lat' dir='ltr'><strong>pecuniae</strong></span> <span class='ocrx_word' id='word_1_254' title='bbox 765 2909 899 2970; x_wconf 88' lang='lat' dir='ltr'><strong>creditae</strong></span> <span class='ocrx_word' id='word_1_255' title='bbox 912 2909 960 2969; x_wconf 90' lang='lat' dir='ltr'><strong>ius</strong></span> <span class='ocrx_word' id='word_1_256' title='bbox 975 2909 1056 2970; x_wconf 91' lang='lat' dir='ltr'><strong>idem</strong></span> 
     </span>
     <span class='ocr_line' id='line_1_33' title="bbox 70 2992 1054 3070; baseline -0.003 -14"><span class='ocrx_word' id='word_1_257' title='bbox 70 2995 160 3070; x_wconf 93' lang='lat' dir='ltr'><strong>quod</strong></span> <span class='ocrx_word' id='word_1_258' title='bbox 174 3011 244 3055; x_wconf 93' lang='lat' dir='ltr'><strong>cum</strong></span> <span class='ocrx_word' id='word_1_259' title='bbox 260 2995 378 3057; x_wconf 89' lang='lat' dir='ltr'><strong>civibus</strong></span> <span class='ocrx_word' id='word_1_260' title='bbox 392 2994 539 3056; x_wconf 87' lang='lat' dir='ltr'><strong>Romanis</strong></span> <span class='ocrx_word' id='word_1_261' title='bbox 555 3001 648 3056; x_wconf 89' lang='lat' dir='ltr'><strong>esset.</strong></span> <span class='ocrx_word' id='word_1_262' title='bbox 670 2993 748 3054; x_wconf 91' lang='lat' dir='ltr'><strong>haec</strong></span> <span class='ocrx_word' id='word_1_263' title='bbox 762 2993 890 3055; x_wconf 85' lang='lat' dir='ltr'><strong>initalia</strong></span> <span class='ocrx_word' id='word_1_264' title='bbox 903 2993 986 3055; x_wconf 93' lang='lat' dir='ltr'><strong>domi</strong></span> <span class='ocrx_word' id='word_1_265' title='bbox 1000 2992 1054 3053; x_wconf 90' lang='lat' dir='ltr'><strong>mi-</strong></span> 
     </span>
     <span class='ocr_line' id='line_1_34' title="bbox 68 3078 311 3154; baseline 0.029 -17"><span class='ocrx_word' id='word_1_266' title='bbox 68 3078 219 3154; x_wconf 91' lang='lat' dir='ltr'><strong>litiaeque</strong></span> <span class='ocrx_word' id='word_1_267' title='bbox 234 3086 311 3144; x_wconf 87' lang='lat' dir='ltr'><strong>acta.</strong></span> 
     </span>
    </p>

    <p class='ocr_par' dir='ltr' id='par_1_3' title="bbox 68 3162 1056 3576">
     <span class='ocr_line' id='line_1_35' title="bbox 156 3162 1054 3239; baseline -0.004 -17"><span class='ocrx_word' id='word_1_268' title='bbox 156 3163 191 3222; x_wconf 93' lang='lat' dir='ltr'><strong>In</strong></span> <span class='ocrx_word' id='word_1_269' title='bbox 204 3163 355 3238; x_wconf 87' lang='lat' dir='ltr'><strong>Hispania</strong></span> <span class='ocrx_word' id='word_1_270' title='bbox 374 3178 571 3239; x_wconf 90' lang='lat' dir='ltr'><strong>nequaquam</strong></span> <span class='ocrx_word' id='word_1_271' title='bbox 589 3167 706 3222; x_wconf 89' lang='lat' dir='ltr'><strong>tantum</strong></span> <span class='ocrx_word' id='word_1_272' title='bbox 727 3162 799 3222; x_wconf 94' lang='lat' dir='ltr'><strong>belli</strong></span> <span class='ocrx_word' id='word_1_273' title='bbox 814 3163 883 3233; x_wconf 91' lang='lat' dir='ltr'><strong>fuit,</strong></span> <span class='ocrx_word' id='word_1_274' title='bbox 909 3168 1054 3236; x_wconf 90' lang='lat' dir='ltr'><strong>quantum</strong></span> 
     </span>
     <span class='ocr_line' id='line_1_36' title="bbox 69 3244 1056 3321; baseline -0.004 -15"><span class='ocrx_word' id='word_1_275' title='bbox 69 3255 203 3308; x_wconf 84' lang='lat' dir='ltr'><strong>auxerat</strong></span> <span class='ocrx_word' id='word_1_276' title='bbox 217 3249 307 3308; x_wconf 92' lang='lat' dir='ltr'><strong>fama.</strong></span> <span class='ocrx_word' id='word_1_277' title='bbox 330 3247 360 3308; x_wconf 84' lang='lat' dir='ltr'><strong>c.</strong></span> <span class='ocrx_word' id='word_1_278' title='bbox 372 3247 537 3309; x_wconf 83' lang='lat' dir='ltr'><strong>Flaminius</strong></span> <span class='ocrx_word' id='word_1_279' title='bbox 552 3246 583 3306; x_wconf 90' lang='lat' dir='ltr'><strong>in</strong></span> <span class='ocrx_word' id='word_1_280' title='bbox 596 3246 736 3309; x_wconf 89' lang='lat' dir='ltr'><strong>citeriore</strong></span> <span class='ocrx_word' id='word_1_281' title='bbox 745 3245 895 3321; x_wconf 87' lang='lat' dir='ltr'><strong>Hispania</strong></span> <span class='ocrx_word' id='word_1_282' title='bbox 907 3244 1056 3318; x_wconf 92' lang='lat' dir='ltr'><strong>oppidum</strong></span> 
     </span>
     <span class='ocr_line' id='line_1_37' title="bbox 68 3327 1055 3406; baseline -0.004 -16"><span class='ocrx_word' id='word_1_283' title='bbox 68 3331 198 3395; x_wconf 88' lang='lat' dir='ltr'><strong>liuciam</strong></span> <span class='ocrx_word' id='word_1_284' title='bbox 212 3331 245 3392; x_wconf 89' lang='lat' dir='ltr'><strong>in</strong></span> <span class='ocrx_word' id='word_1_285' title='bbox 260 3330 400 3393; x_wconf 87' lang='lat' dir='ltr'><strong>Oretanis</strong></span> <span class='ocrx_word' id='word_1_286' title='bbox 416 3331 504 3406; x_wconf 79' lang='lat' dir='ltr'><strong>cepit,</strong></span> <span class='ocrx_word' id='word_1_287' title='bbox 520 3330 633 3391; x_wconf 88' lang='lat' dir='ltr'><strong>deiude</strong></span> <span class='ocrx_word' id='word_1_288' title='bbox 646 3329 678 3390; x_wconf 91' lang='lat' dir='ltr'><strong>iu</strong></span> <span class='ocrx_word' id='word_1_289' title='bbox 691 3329 820 3389; x_wconf 90' lang='lat' dir='ltr'><strong>hiberna</strong></span> <span class='ocrx_word' id='word_1_290' title='bbox 834 3328 944 3388; x_wconf 91' lang='lat' dir='ltr'><strong>milites</strong></span> <span class='ocrx_word' id='word_1_291' title='bbox 959 3327 1055 3387; x_wconf 90' lang='lat' dir='ltr'><strong>dedu-</strong></span> 
     </span>
     <span class='ocr_line' id='line_1_38' title="bbox 69 3409 1056 3492; baseline -0.004 -18"><span class='ocrx_word' id='word_1_292' title='bbox 69 3416 134 3485; x_wconf 89' lang='lat' dir='ltr'><strong>xit;</strong></span> <span class='ocrx_word' id='word_1_293' title='bbox 155 3423 185 3477; x_wconf 93' lang='lat' dir='ltr'><strong>et</strong></span> <span class='ocrx_word' id='word_1_294' title='bbox 204 3431 261 3492; x_wconf 92' lang='lat' dir='ltr'><strong>per</strong></span> <span class='ocrx_word' id='word_1_295' title='bbox 280 3415 411 3476; x_wconf 89' lang='lat' dir='ltr'><strong>hiemem</strong></span> <span class='ocrx_word' id='word_1_296' title='bbox 433 3414 550 3491; x_wconf 90' lang='lat' dir='ltr'><strong>proelia</strong></span> <span class='ocrx_word' id='word_1_297' title='bbox 570 3415 687 3490; x_wconf 88' lang='lat' dir='ltr'><strong>aliquot</strong></span> <span class='ocrx_word' id='word_1_298' title='bbox 706 3413 789 3473; x_wconf 85' lang='lat' dir='ltr'><strong>nrdla</strong></span> <span class='ocrx_word' id='word_1_299' title='bbox 803 3409 950 3472; x_wconf 90' lang='lat' dir='ltr'><strong>memoria</strong></span> <span class='ocrx_word' id='word_1_300' title='bbox 963 3411 1056 3486; x_wconf 89' lang='lat' dir='ltr'><strong>digna</strong></span> 
     </span>
     <span class='ocr_line' id='line_1_39' title="bbox 69 3495 1054 3576; baseline -0.005 -17"><span class='ocrx_word' id='word_1_301' title='bbox 69 3499 227 3561; x_wconf 86' lang='lat' dir='ltr'><strong>adversus</strong></span> <span class='ocrx_word' id='word_1_302' title='bbox 255 3503 407 3562; x_wconf 90' lang='lat' dir='ltr'><strong>latronum</strong></span> <span class='ocrx_word' id='word_1_303' title='bbox 433 3499 532 3576; x_wconf 89' lang='lat' dir='ltr'><strong>magis</strong></span> <span class='ocrx_word' id='word_1_304' title='bbox 565 3514 657 3576; x_wconf 91' lang='lat' dir='ltr'><strong>quam</strong></span> <span class='ocrx_word' id='word_1_305' title='bbox 683 3497 817 3558; x_wconf 90' lang='lat' dir='ltr'><strong>hostium</strong></span> <span class='ocrx_word' id='word_1_306' title='bbox 845 3495 1054 3570; x_wconf 84' lang='lat' dir='ltr'><strong>excursiones,</strong></span> 
     </span>
    </p>
   </div>
   <div class='ocr_carea' id='block_1_3' title="bbox 0 0 1244 3904">
    <p class='ocr_par' dir='ltr' id='par_1_4' title="bbox 0 0 1244 3904">
     <span class='ocr_line' id='line_1_40' title="bbox 0 0 1244 3904; baseline 0 3"><span class='ocrx_word' id='word_1_307' title='bbox 0 0 1244 3904; x_wconf 95' lang='lat' dir='ltr'><strong> </strong></span> 
     </span>
    </p>
   </div>
  </div>
 </body>
</html>
