2482 3902
188 205 251 270 120
305 203 422 269 LIBER
432 201 563 264 llllell.
583 201 665 262 chii.
678 207 721 264 44.
733 207 776 260 44.
788 209 832 260 44.
855 203 1053 273 [4144441]

187 358 219 418 P.
244 357 358 420 Manlio
386 354 613 416 incitatiorem
641 351 821 427 Hispaniam
849 351 1008 424 decretus,
1036 356 1069 412 et
1090 351 1172 426 legio

186 443 311 516 eadem,
337 455 417 516 0004
441 440 541 499 104441
564 437 622 498 sub
649 436 682 511 Q.
703 434 836 496 Minucio
857 441 1016 510 praetore,
1038 435 1120 496 data.
1145 443 1174 496 41

186 525 218 585 Ρ.
243 523 352 586 Porcio
376 523 497 584 Laecae
522 522 562 583 ad
584 519 735 581 Etruriam
761 519 843 580 41444
867 518 956 580 Pisas
984 518 1093 579 decem
1118 521 1171 579 mi·

188 611 228 670 lia
242 610 378 685 peditum
400 613 430 668 et
444 605 600 682 quingenti
619 604 739 680 equites
760 619 800 664 ox
822 601 937 663 Gallina
960 603 1097 664 exercitu
1109 603 1171 663 dc-

189 693 273 754 creti.
308 693 338 752 in
360 689 502 752 Sardinia
526 695 724 765 prorogatum
747 686 908 762 imperium
933 688 966 746 T.
989 685 1172 763 Sempronio

187 775 305 852 Longo.

268 860 373 922 XLIV.
395 857 565 918 Provinciis
580 857 621 918 ita
636 855 814 932 distributis,
829 857 976 916 consules
991 856 1170 932 priusquam

189 945 227 1004 ab
242 945 319 1004 urbe
341 941 626 1020 proficiscerentur,
648 956 704 1001 ver
724 955 846 1001 sacrum
868 955 907 1000 ex
929 940 1055 1002 decreto
1074 941 1169 1016 ponti·

188 1027 281 1090 ficum
300 1027 379 1090 10441
400 1029 518 1102 144444,
540 1025 624 1102 quod
637 1027 676 1086 A.
692 1024 849 1086 Cornelius
863 1023 1030 1084 Mammula
1049 1033 1171 1100 praetor

190 1113 316 1174 voverat
330 1113 370 1174 de
384 1117 511 1174 senatus
527 1109 676 1171 4401444110
690 1108 859 1184 populique
873 1109 963 1169 iussu
974 1107 1028 1168 cn.
1042 1109 1173 1170 Servilio

190 1196 221 1256 G.
235 1196 383 1258 Flaminio
405 1195 592 1258 consulibus.
628 1193 716 1254 annis
730 1198 803 1268 post
817 1208 878 1253 uno
895 1199 925 1253 et
938 1191 1046 1268 viginti
1060 1194 1168 1254 iactum

190 1289 238 1342 est
254 1297 345 1356 quarn
363 1287 475 1342 votum.
511 1295 567 1354 per
581 1278 708 1339 eosdem
723 1277 789 1338 dies
806 1277 837 1336 c.
854 1276 999 1338 Claudius
1013 1277 1074 1353 hp.
1090 1277 1168 1338 111104

188 1365 319 1426 Pulcher
334 1381 431 1440 augur
445 1365 475 1423 in
491 1362 524 1436 Q.
536 1362 621 1423 Fabii
636 1360 761 1422 Maximi
774 1363 885 1432 iocum,
902 1361 954 1437 qui
970 1362 1075 1436 priore
1089 1378 1168 1422 anno

189 1455 328 1510 mortuus
343 1455 416 1518 erat,
432 1449 529 1506 lectus
544 1445 806 1521 inauguratusque
820 1453 876 1506 441.

273 1531 452 1591 Mirantibus
468 1530 527 1588 iarn
540 1529 633 1603 vulgo
645 1528 829 1602 hominibus
846 1530 930 1604 quod
942 1545 1012 1590 curn
1021 1530 1168 1606 Hispania

189 1613 339 1675 movisset
351 1615 463 1674 bellum
479 1613 683 1687 neglegerent,
698 1615 814 1674 litterae
829 1613 892 1688 a9.
904 1613 1040 1675 Minucio
1052 1615 1168 1675 adlatae

190 1703 261 1760 sunt
275 1713 310 1757 se
324 1697 364 1757 ad
377 1697 509 1758 Turbam
523 1696 671 1772 oppidum
685 1711 754 1758 cum
768 1698 890 1758 Budare
905 1705 936 1760 et
947 1697 1104 1758 Besadiue
1117 1699 1167 1759 im·

188 1780 382 1858 peratoribus
397 1777 561 1856 Hispanis,
583 1780 680 1857 signis
696 1784 814 1844 40110114
829 1797 981 1859 prospere
994 1798 1167 1858 pugnacem

189 1865 354 1928 duodecim
380 1865 461 1926 milia
486 1865 618 1926 hostium
644 1881 751 1940 44444,
777 1866 930 1928 Budarem
955 1867 1166 1941 imperatorem

190 1957 321 2026 captum,
337 1957 456 2011 ceteros
471 1951 559 2012 10404
575 1951 768 2026 bigatosque.
788 1949 836 2010 his
851 1951 956 2010 litteris
971 1951 1059 2011 lectis
1071 1953 1166 2012 minus

188 2033 314 2096 terroris
337 2034 375 2094 ab
389 2034 535 2109 Hispanis
557 2041 636 2105 erat,
657 2035 740 2094 unde
756 2034 865 2109 ingens
880 2034 992 2095 bellurn
1008 2045 1165 2111 exspecta·

188 2125 251 2179 tum
273 2119 380 2178 104441.
410 2132 517 2178 onmes
539 2133 645 2188 curae,
667 2116 774 2193 utique
795 2126 867 2193 post
884 2119 1049 2180 adventum
1064 2120 1166 2180 decem

189 2203 374 2276 legatorum,
397 2201 427 2260 in
442 2200 626 2262 Antiochum
640 2217 745 2277 regem
761 2215 940 2262 conversae.
970 2203 1001 2262 hi
1019 2204 1166 2279 expositis

190 2286 276 2361 prius
299 2300 378 2360 quae
400 2299 468 2344 cum
488 2281 629 2360 Philippo
651 2292 719 2346 acta
741 2293 847 2346 essent
867 2294 897 2348 et
917 2287 1029 2362 quibus
1050 2289 1165 2363 lapibus

189 2369 260 2430 data
282 2383 358 2444 pax,
381 2385 443 2430 non
463 2368 610 2429 minorem
624 2369 696 2430 belli
710 2371 821 2430 molem
835 2371 949 2431 instare
963 2371 1003 2432 ab
1016 2373 1166 2432 Antiocho

189 2453 366 2516 docuerunt.
402 2453 515 2528 ingenti
541 2455 656 2528 classe,
682 2453 806 2530 egregio
827 2455 962 2516 terrestri
982 2457 1119 2518 exercitu
1139 2456 1166 2516 in

187 2537 341 2614 Europam
357 2553 427 2599 eum
440 2537 613 2612 traiecisse,
635 2546 665 2598 41
678 2537 738 2598 0141
752 2538 915 2600 avertisset
929 2554 1009 2600 vana
1021 2555 1113 2615 spes,
1130 2555 1166 2600 ex

189 2625 315 2685 vaniore
325 2638 449 2684 rumore
461 2631 536 2696 0414,
544 2622 679 2702 Aegypti
689 2622 891 2699 invadendae,
902 2639 975 2684 mox
986 2624 1069 2685 bello
1079 2625 1165 2686 Grae·

189 2707 266 2766 ciam
278 2723 416 2770 arsuram
428 2707 535 2768 101444.
551 2723 652 2782 04004
664 2707 743 2767 40140
755 2723 795 2767 04
805 2708 934 2770 Α410104
947 2709 1072 2784 00111404
1085 2707 1163 2784 quie·

187 2795 284 2862 turos,
293 2806 361 2850 curn
373 2789 496 2864 iugenio
509 2790 674 2866 inquietam
685 2798 749 2852 tum
759 2791 866 2852 iratam
877 2793 1024 2854 Romanis
1038 2799 1164 2868 gentem.

188 2871 317 2934 haerere
334 2880 372 2951 141
392 2873 476 2934 aliud
497 2873 529 2934 in
549 2874 720 2938 visceribus
743 2876 891 2938 Graeciae
914 2877 1024 2952 ingens
1046 2877 1164 2952 malum,

188 2953 296 3014 Nabim
310 2971 391 3015 nunc
403 2955 730 3034 Lacedaemoniorum,
745 2975 834 3036 mox,
851 2959 990 3033 41114441,
1005 2961 1165 3022 universae

189 3037 337 3100 Graeciae
351 3040 483 3102 10104040
499 3047 671 3120 tyrannum,
690 3045 817 3106 avaritia
831 3045 1055 3106 4104041411οΙ4
1071 3044 1166 3107 omnis

187 3123 268 3186 14044
288 3123 459 3184 celebratos
476 3132 624 3203 tyrannm
640 3135 831 3204 aequantem.
864 3129 912 3190 cui
928 3129 957 3190 si
969 3129 1073 3205 Argos
1088 3130 1167 3190 velut

186 3223 288 3270 arcem
299 3207 516 3284 Peloponneso
531 3208 704 3285 impositam
719 3220 825 3274 tenere
837 3213 936 3288 114441,
952 3213 1125 3289 (1400414114
1139 3213 1166 3272 10

184 3292 302 3354 Italiam
315 3292 463 3355 Romanis
484 3293 669 3356 exercitibus
690 3297 877 3373 nequiquam
895 3297 1053 3359 liberatam
1069 3297 1166 3360 uPhi·

186 3375 272 3452 11000
288 3377 447 3439 Graeciam
462 3378 543 3452 1044,
564 3393 621 3455 040
636 3393 725 3454 rege,
748 3382 774 3440 41
789 3381 863 3441 011411
878 3381 975 3454 011οᾱ,
998 3382 1167 3458 longinquo

185 3459 318 3522 vicinum
335 3467 497 3540 tyrannum
513 3461 669 3522 dominum
682 3462 862 3524 habituram.
894 3465 984 3524 XLV.
1006 3465 1087 3528 haec
1102 3481 1167 3526 cum
