2482 3902
275 227 388 288 amun
402 226 521 288 xrrxu.
545 226 685 290 cnam.
708 227 744 304 [a.
758 229 868 306 conr]
1011 228 1053 292 aa

88 385 200 456 posset:
231 393 288 439 nec
311 384 463 456 tyrannus
490 376 641 448 abnuere;
673 378 730 438 sed
755 378 896 441 deductis
920 396 959 440 cx
979 379 1056 442 urbe

89 460 238 537 praesidiis
258 461 384 526 liberam
405 459 594 536 contionem,
615 478 677 522 non
691 462 835 524 immixtis
850 464 1055 526 Laccdaemo-

88 545 137 608 nlis
157 545 390 619 declaraturam,
413 545 488 621 quid
508 545 616 621 Argivi
635 547 763 622 vellent,
783 547 926 623 praeberi
941 547 1055 609 debere

87 627 196 690 dicebat
214 644 285 689 rena
306 635 458 708 tyrannam
480 629 604 705 negavit
618 629 830 691 deducturum.
862 629 940 692 haec
955 627 1054 693 disce·

88 713 169 788 putto
190 712 257 774 sine
278 713 362 774 exitu
384 713 447 774 luit.
481 713 521 774 dc
536 715 692 789 colloquio
709 713 884 776 discessum
898 715 1054 776 sexcentis

87 796 269 858 Cretensibus
290 797 329 857 ab
350 803 482 875 tymnno
504 798 584 858 datis
598 797 753 872 Romano,
775 798 963 874 indutiisque
977 799 1056 861 inter

86 880 274 944 Nicostratum
296 888 470 956 praetorem
482 881 678 943 Achaeorum
699 889 730 942 et
741 882 1055 946 Lacedaemoniorum

86 973 236 1043 tyrannum
249 966 281 1026 in
295 971 440 1041 quattuor
453 979 578 1026 menses
592 965 690 1027 factis.

157 1049 229 1111 lude
244 1044 402 1124 Quinctiis
419 1048 593 1110 Corinthum
614 1056 663 1110 est
681 1049 854 1124 protectus,
875 1059 906 1112 et
926 1052 966 1113 ad
981 1067 1053 1126 por-

86 1141 136 1192 tam
154 1149 220 1195 cum
241 1133 431 1194 Cretensium
453 1131 581 1193 cohorte
601 1132 749 1208 accessit,
769 1139 804 1194 ut
816 1133 943 1196 Philocli
965 1151 1048 1210 prae·

87 1217 153 1278 lecto
166 1216 250 1279 urbis
265 1223 432 1293 appareret
445 1224 608 1295 tyrannum
624 1215 798 1294 aPhilippo
814 1217 963 1278 descisse.
985 1217 1052 1278 Phi·

87 1301 167 1362 locles
187 1303 308 1378 etipse
328 1302 368 1362 ad
389 1301 604 1377 imperatorem
622 1301 794 1362 Romanum
814 1301 845 1360 in
867 1301 1053 1378 colloquium

89 1385 172 1459 uenit,
191 1385 403 1461 hortantique,
424 1392 458 1446 ut
478 1386 632 1460 extemplo
654 1385 797 1446 transiret
812 1385 981 1461 urbemque
994 1391 1053 1446 tra-

86 1468 171 1544 deret,
189 1469 232 1529 ita
250 1469 429 1544 respondit,
449 1475 484 1528 ut
503 1468 662 1530 distulisse
681 1484 746 1529 rem
768 1469 865 1546 magis
888 1486 979 1546 quam
1000 1484 1052 1529 ne-

85 1567 164 1625 gasse
176 1553 342 1614 videretur.
365 1552 542 1613 acorintho
558 1551 715 1626 Quinctius
730 1553 910 1630 Anticyram
925 1553 1053 1624 traiecit,

85 1635 144 1696 inde
165 1638 289 1698 hatrem
315 1637 355 1697 ad
378 1637 585 1712 temptandam
605 1637 801 1698 Acarnanum
821 1643 943 1714 gentem
962 1636 1051 1698 misit

84 1720 188 1781 Attalus
208 1721 247 1781 ab
270 1721 363 1796 Argis
387 1718 554 1797 Sicyonem
574 1729 622 1782 est
644 1721 811 1796 proiectus.
844 1721 886 1783 ibi
901 1729 931 1782 ct
945 1720 1052 1783 civitas

84 1804 159 1864 novis
171 1804 344 1867 honoribus
357 1811 479 1865 veteres
493 1805 574 1880 regis
589 1804 724 1866 honores
739 1805 832 1880 auxit,
854 1813 885 1867 et
897 1819 953 1865 rex
968 1805 1052 1866 adid

85 1889 155 1962 quod
174 1905 301 1950 sacrum
314 1887 467 1964 Apollinis
488 1903 595 1963 agrurn
615 1887 723 1964 grandi
746 1890 904 1970 quondam
922 1887 1053 1966 pecunia

83 1973 238 2036 redemerat
266 1971 320 2047 iis,
346 1979 409 2033 tum
431 1987 556 2048 quoque
575 1987 615 2032 ne
637 1972 704 2032 sine
725 1971 829 2049 aliqua
848 1971 1054 2032 munificentia

83 2057 246 2129 praeteriret
264 2057 415 2117 civitatem
430 2056 546 2118 sociam
560 2063 653 2132 atque
667 2055 804 2129 amicam,
820 2056 928 2116 decem
941 2056 1054 2116 talenta

82 2143 185 2214 argenti
206 2143 293 2202 dono
318 2140 402 2202 dedit
422 2147 453 2202 et
473 2139 580 2200 decern
600 2139 683 2200 milia
701 2140 888 2200 medimnum
902 2138 1053 2199 immenti.

82 2229 162 2300 atque
174 2226 216 2286 ita
226 2224 404 2288 cenchreas
419 2223 459 2284 ad
470 2238 566 2284 naves
577 2222 665 2284 redit.
685 2229 716 2284 et
725 2223 820 2286 Nabis
831 2224 951 2286 firmato
963 2237 1052 2298 prac-

82 2308 149 2370 sidio
169 2309 267 2385 Argis
290 2307 554 2369 Lacedaemonem
577 2323 758 2383 regressus,
784 2308 944 2383 cumipse
967 2307 1053 2366 viros

82 2393 249 2466 spoliasset,
272 2393 312 2453 ad
326 2391 455 2453 reminas
471 2391 651 2468 spoliandas
665 2407 795 2453 uxorem
810 2393 912 2467 Argos
926 2388 1052 2450 remisit

80 2489 110 2534 ea
123 2493 200 2539 nunc
221 2477 362 2553 singulas
380 2474 514 2536 illustres
528 2491 610 2536 nunc
625 2474 715 2535 simul
729 2477 835 2551 plures
849 2489 962 2548 genere
976 2473 1054 2533 inter

82 2575 110 2619 se
127 2561 243 2624 iunctas
275 2560 462 2622 arcessendo
487 2558 736 2632 blandiendoque
761 2573 798 2619 ac
822 2555 965 2617 minando
990 2571 1053 2615 non

82 2658 177 2707 aurum
184 2645 281 2706 modo
293 2645 331 2705 iis
343 2642 400 2706 sed
411 2649 567 2720 postremo
578 2647 696 2702 vestem
709 2657 833 2718 quoque
843 2640 1053 2713 mundumque

82 2743 190 2791 omnem
203 2729 386 2791 muliebrem
400 2727 522 2788 ademit.

397 2996 538 3093 llll
582 2991 725 3087 tlvt

322 3150 380 3212 aa
411 3145 542 3212 unua
574 3141 805 3205 counmn
851 3229 853 3234 Ι

428 3257 693 3325 ttnnnxxxm.

92 3431 239 3485 artromtt.
267 3435 295 3484 Τ.
308 3433 439 3494 Quinctius
449 3433 602 3483 Flamininus
614 3426 748 3496 proconsul
764 3441 820 3476 cum
829 3422 946 3490 Philippo
963 3422 996 3474 ad
1006 3420 1052 3488 Gy-

125 3502 293 3570 nosoephalas
309 3501 478 3553 inTheasalia
494 3501 548 3552 acie
564 3501 629 3551 victo
643 3494 786 3548 debellavit.
811 3495 842 3544 L.
856 3491 987 3554 Quinctius
995 3489 1052 3542 lla-

802 3562 844 3625 ὅ*
