<?xml version="1.0" encoding="UTF-8"?>
<!DOCTYPE html PUBLIC "-//W3C//DTD XHTML 1.0 Transitional//EN"
    "http://www.w3.org/TR/xhtml1/DTD/xhtml1-transitional.dtd">
<html xmlns="http://www.w3.org/1999/xhtml" xml:lang="en" lang="en">
 <head>
  <title>
</title>
<meta http-equiv="Content-Type" content="text/html;charset=utf-8" />
  <meta name='ocr-system' content='tesseract 3.04.00' />
  <meta name='ocr-capabilities' content='ocr_page ocr_carea ocr_par ocr_line ocrx_word'/>
</head>
<body>
  <div class='ocr_page' id='page_1' title='image "./titiliviaburbec08livygoog_0178.png"; bbox 0 0 2482 3902; ppageno 0'>
   <div class='ocr_carea' id='block_1_1' title="bbox 213 235 1040 318">
    <p class='ocr_par' dir='ltr' id='par_1_1' title="bbox 213 235 1040 318">
     <span class='ocr_line' id='line_1_1' title="bbox 213 235 1040 318; baseline 0.007 -20"><span class='ocrx_word' id='word_1_1' title='bbox 213 236 330 298; x_wconf 72' lang='lat' dir='ltr'><strong>umus</strong></span> <span class='ocrx_word' id='word_1_2' title='bbox 343 235 478 299; x_wconf 74' lang='lat' dir='ltr'><strong>xxxta.</strong></span> <span class='ocrx_word' id='word_1_3' title='bbox 501 239 584 300; x_wconf 77' lang='lat' dir='ltr'><strong>cnr.</strong></span> <span class='ocrx_word' id='word_1_4' title='bbox 599 249 699 304; x_wconf 70' lang='lat' dir='ltr'><strong>usuc.</strong></span> <span class='ocrx_word' id='word_1_5' title='bbox 723 248 759 318; x_wconf 77' lang='lat' dir='ltr'><strong>n.</strong></span> <span class='ocrx_word' id='word_1_6' title='bbox 772 247 804 300; x_wconf 88' lang='lat' dir='ltr'><strong>c.</strong></span> <span class='ocrx_word' id='word_1_7' title='bbox 817 247 880 316; x_wconf 80' lang='lat' dir='ltr'><strong>rou]</strong></span> <span class='ocrx_word' id='word_1_8' title='bbox 980 239 1040 304; x_wconf 75' lang='lat' dir='ltr'><strong>ras</strong></span> 
     </span>
    </p>
   </div>
   <div class='ocr_carea' id='block_1_2' title="bbox 48 389 1043 3243">
    <p class='ocr_par' dir='ltr' id='par_1_2' title="bbox 48 389 1043 888">
     <span class='ocr_line' id='line_1_2' title="bbox 50 389 1040 469; baseline 0.003 -17"><span class='ocrx_word' id='word_1_9' title='bbox 50 393 176 464; x_wconf 78' lang='lat' dir='ltr'><strong>demut,</strong></span> <span class='ocrx_word' id='word_1_10' title='bbox 198 397 229 452; x_wconf 89' lang='lat' dir='ltr'><strong>ct</strong></span> <span class='ocrx_word' id='word_1_11' title='bbox 249 389 410 466; x_wconf 78' lang='lat' dir='ltr'><strong>dispersos</strong></span> <span class='ocrx_word' id='word_1_12' title='bbox 431 391 549 467; x_wconf 81' lang='lat' dir='ltr'><strong>passim</strong></span> <span class='ocrx_word' id='word_1_13' title='bbox 568 393 641 468; x_wconf 87' lang='lat' dir='ltr'><strong>luga</strong></span> <span class='ocrx_word' id='word_1_14' title='bbox 656 393 825 469; x_wconf 87' lang='lat' dir='ltr'><strong>plerosque</strong></span> <span class='ocrx_word' id='word_1_15' title='bbox 838 394 932 455; x_wconf 68' lang='lat' dir='ltr'><strong>utris</strong></span> <span class='ocrx_word' id='word_1_16' title='bbox 947 409 1040 456; x_wconf 77' lang='lat' dir='ltr'><strong>exue</strong></span> 
     </span>
     <span class='ocr_line' id='line_1_3' title="bbox 48 473 1040 553; baseline 0.004 -17"><span class='ocrx_word' id='word_1_17' title='bbox 48 483 129 536; x_wconf 90' lang='lat' dir='ltr'><strong>runt.</strong></span> <span class='ocrx_word' id='word_1_18' title='bbox 158 473 321 550; x_wconf 72' lang='lat' dir='ltr'><strong>Quinctius</strong></span> <span class='ocrx_word' id='word_1_19' title='bbox 337 487 440 550; x_wconf 87' lang='lat' dir='ltr'><strong>prope</strong></span> <span class='ocrx_word' id='word_1_20' title='bbox 451 476 601 553; x_wconf 78' lang='lat' dir='ltr'><strong>Amyclas</strong></span> <span class='ocrx_word' id='word_1_21' title='bbox 615 476 720 552; x_wconf 83' lang='lat' dir='ltr'><strong>posuit</strong></span> <span class='ocrx_word' id='word_1_22' title='bbox 734 484 845 538; x_wconf 71' lang='lat' dir='ltr'><strong>caseo.</strong></span> <span class='ocrx_word' id='word_1_23' title='bbox 871 478 955 540; x_wconf 81' lang='lat' dir='ltr'><strong>unde</strong></span> <span class='ocrx_word' id='word_1_24' title='bbox 970 495 1040 540; x_wconf 83' lang='lat' dir='ltr'><strong>curu</strong></span> 
     </span>
     <span class='ocr_line' id='line_1_4' title="bbox 49 559 1041 637; baseline 0.004 -17"><span class='ocrx_word' id='word_1_25' title='bbox 49 559 280 636; x_wconf 72' lang='lat' dir='ltr'><strong>perpopulatus</strong></span> <span class='ocrx_word' id='word_1_26' title='bbox 291 560 392 620; x_wconf 83' lang='lat' dir='ltr'><strong>omnia</strong></span> <span class='ocrx_word' id='word_1_27' title='bbox 406 559 600 620; x_wconf 71' lang='lat' dir='ltr'><strong>ermmiccta</strong></span> <span class='ocrx_word' id='word_1_28' title='bbox 613 560 681 621; x_wconf 84' lang='lat' dir='ltr'><strong>urbi</strong></span> <span class='ocrx_word' id='word_1_29' title='bbox 696 561 869 637; x_wconf 75' lang='lat' dir='ltr'><strong>frequentia</strong></span> <span class='ocrx_word' id='word_1_30' title='bbox 878 568 910 622; x_wconf 84' lang='lat' dir='ltr'><strong>et</strong></span> <span class='ocrx_word' id='word_1_31' title='bbox 919 562 1041 624; x_wconf 76' lang='lat' dir='ltr'><strong>amoeni</strong></span> 
     </span>
     <span class='ocr_line' id='line_1_5' title="bbox 49 641 1043 721; baseline 0.003 -17"><span class='ocrx_word' id='word_1_32' title='bbox 49 644 116 719; x_wconf 88' lang='lat' dir='ltr'><strong>agri</strong></span> <span class='ocrx_word' id='word_1_33' title='bbox 130 645 204 704; x_wconf 85' lang='lat' dir='ltr'><strong>loca</strong></span> <span class='ocrx_word' id='word_1_34' title='bbox 216 648 315 718; x_wconf 73' lang='lat' dir='ltr'><strong>esset,</strong></span> <span class='ocrx_word' id='word_1_35' title='bbox 331 645 415 704; x_wconf 78' lang='lat' dir='ltr'><strong>ntrllo</strong></span> <span class='ocrx_word' id='word_1_36' title='bbox 429 642 489 706; x_wconf 84' lang='lat' dir='ltr'><strong>ian</strong></span> <span class='ocrx_word' id='word_1_37' title='bbox 503 643 639 706; x_wconf 71' lang='lat' dir='ltr'><strong>hostum</strong></span> <span class='ocrx_word' id='word_1_38' title='bbox 653 652 774 721; x_wconf 82' lang='lat' dir='ltr'><strong>portam</strong></span> <span class='ocrx_word' id='word_1_39' title='bbox 789 645 964 706; x_wconf 61' lang='lat' dir='ltr'><strong>medule</strong></span> <span class='ocrx_word' id='word_1_40' title='bbox 973 641 1043 708; x_wconf 78' lang='lat' dir='ltr'><strong>rito·</strong></span> 
     </span>
     <span class='ocr_line' id='line_1_6' title="bbox 49 725 1037 806; baseline 0.001 -17"><span class='ocrx_word' id='word_1_41' title='bbox 49 729 94 790; x_wconf 90' lang='lat' dir='ltr'><strong>vit</strong></span> <span class='ocrx_word' id='word_1_42' title='bbox 109 733 212 789; x_wconf 89' lang='lat' dir='ltr'><strong>castra</strong></span> <span class='ocrx_word' id='word_1_43' title='bbox 226 727 267 788; x_wconf 86' lang='lat' dir='ltr'><strong>cd</strong></span> <span class='ocrx_word' id='word_1_44' title='bbox 281 725 409 788; x_wconf 87' lang='lat' dir='ltr'><strong>fluvium</strong></span> <span class='ocrx_word' id='word_1_45' title='bbox 422 727 577 789; x_wconf 86' lang='lat' dir='ltr'><strong>Eurotam.</strong></span> <span class='ocrx_word' id='word_1_46' title='bbox 605 728 677 789; x_wconf 90' lang='lat' dir='ltr'><strong>inde</strong></span> <span class='ocrx_word' id='word_1_47' title='bbox 690 729 801 790; x_wconf 86' lang='lat' dir='ltr'><strong>vallem</strong></span> <span class='ocrx_word' id='word_1_48' title='bbox 815 730 951 806; x_wconf 83' lang='lat' dir='ltr'><strong>Taygeto</strong></span> <span class='ocrx_word' id='word_1_49' title='bbox 966 727 1037 792; x_wconf 81' lang='lat' dir='ltr'><strong>sub·</strong></span> 
     </span>
     <span class='ocr_line' id='line_1_7' title="bbox 50 811 825 888; baseline 0 -16"><span class='ocrx_word' id='word_1_50' title='bbox 50 814 162 874; x_wconf 78' lang='lat' dir='ltr'><strong>lectam</strong></span> <span class='ocrx_word' id='word_1_51' title='bbox 176 823 335 887; x_wconf 61' lang='lat' dir='ltr'><strong>agrem</strong></span> <span class='ocrx_word' id='word_1_52' title='bbox 348 811 389 872; x_wconf 89' lang='lat' dir='ltr'><strong>ad</strong></span> <span class='ocrx_word' id='word_1_53' title='bbox 401 826 487 883; x_wconf 77' lang='lat' dir='ltr'><strong>mare</strong></span> <span class='ocrx_word' id='word_1_54' title='bbox 500 813 682 888; x_wconf 87' lang='lat' dir='ltr'><strong>pertinentis</strong></span> <span class='ocrx_word' id='word_1_55' title='bbox 697 819 825 874; x_wconf 78' lang='lat' dir='ltr'><strong>evertat.</strong></span> 
     </span>
    </p>

    <p class='ocr_par' dir='ltr' id='par_1_3' title="bbox 52 895 1042 3243">
     <span class='ocr_line' id='line_1_8' title="bbox 133 895 1042 973; baseline 0.001 -15"><span class='ocrx_word' id='word_1_56' title='bbox 133 896 242 958; x_wconf 72' lang='lat' dir='ltr'><strong>m.</strong></span> <span class='ocrx_word' id='word_1_57' title='bbox 269 895 390 957; x_wconf 80' lang='lat' dir='ltr'><strong>Eodem</strong></span> <span class='ocrx_word' id='word_1_58' title='bbox 408 895 475 956; x_wconf 80' lang='lat' dir='ltr'><strong>iore</strong></span> <span class='ocrx_word' id='word_1_59' title='bbox 492 902 635 973; x_wconf 84' lang='lat' dir='ltr'><strong>ternpore</strong></span> <span class='ocrx_word' id='word_1_60' title='bbox 646 897 679 956; x_wconf 82' lang='lat' dir='ltr'><strong>l.</strong></span> <span class='ocrx_word' id='word_1_61' title='bbox 696 897 855 972; x_wconf 72' lang='lat' dir='ltr'><strong>Quinctius</strong></span> <span class='ocrx_word' id='word_1_62' title='bbox 871 895 1042 959; x_wconf 62' lang='lat' dir='ltr'><strong>marianae</strong></span> 
     </span>
     <span class='ocr_line' id='line_1_9' title="bbox 53 980 1041 1058; baseline 0 -14"><span class='ocrx_word' id='word_1_63' title='bbox 53 996 129 1044; x_wconf 82' lang='lat' dir='ltr'><strong>orae</strong></span> <span class='ocrx_word' id='word_1_64' title='bbox 147 981 269 1058; x_wconf 84' lang='lat' dir='ltr'><strong>oppida</strong></span> <span class='ocrx_word' id='word_1_65' title='bbox 285 981 397 1056; x_wconf 78' lang='lat' dir='ltr'><strong>partlm</strong></span> <span class='ocrx_word' id='word_1_66' title='bbox 412 981 568 1043; x_wconf 76' lang='lat' dir='ltr'><strong>vunntatc</strong></span> <span class='ocrx_word' id='word_1_67' title='bbox 583 980 692 1056; x_wconf 78' lang='lat' dir='ltr'><strong>partim</strong></span> <span class='ocrx_word' id='word_1_68' title='bbox 706 988 789 1044; x_wconf 85' lang='lat' dir='ltr'><strong>motu</strong></span> <span class='ocrx_word' id='word_1_69' title='bbox 803 982 901 1042; x_wconf 85' lang='lat' dir='ltr'><strong>autri</strong></span> <span class='ocrx_word' id='word_1_70' title='bbox 912 982 1041 1058; x_wconf 76' lang='lat' dir='ltr'><strong>recepit</strong></span> 
     </span>
     <span class='ocr_line' id='line_1_10' title="bbox 52 1063 1030 1144; baseline -0.001 -18"><span class='ocrx_word' id='word_1_71' title='bbox 52 1067 171 1126; x_wconf 69' lang='lat' dir='ltr'><strong>certior</strong></span> <span class='ocrx_word' id='word_1_72' title='bbox 186 1063 300 1126; x_wconf 60' lang='lat' dir='ltr'><strong>dendo</strong></span> <span class='ocrx_word' id='word_1_73' title='bbox 319 1065 423 1126; x_wconf 73' lang='lat' dir='ltr'><strong>farm</strong></span> <span class='ocrx_word' id='word_1_74' title='bbox 434 1063 580 1144; x_wconf 67' lang='lat' dir='ltr'><strong>Gythinrn</strong></span> <span class='ocrx_word' id='word_1_75' title='bbox 602 1063 753 1140; x_wconf 76' lang='lat' dir='ltr'><strong>oppidum</strong></span> <span class='ocrx_word' id='word_1_76' title='bbox 772 1066 910 1128; x_wconf 79' lang='lat' dir='ltr'><strong>omnium-</strong></span> <span class='ocrx_word' id='word_1_77' title='bbox 926 1064 1030 1127; x_wconf 73' lang='lat' dir='ltr'><strong>nterii.</strong></span> 
     </span>
     <span class='ocr_line' id='line_1_11' title="bbox 52 1148 1041 1225; baseline 0 -15"><span class='ocrx_word' id='word_1_78' title='bbox 52 1148 550 1210; x_wconf 71' lang='lat' dir='ltr'><strong>nuannmrumtaccoaenonlis</strong></span> <span class='ocrx_word' id='word_1_79' title='bbox 561 1151 791 1224; x_wconf 81' lang='lat' dir='ltr'><strong>receptaculum</strong></span> <span class='ocrx_word' id='word_1_80' title='bbox 801 1163 883 1224; x_wconf 82' lang='lat' dir='ltr'><strong>ease,</strong></span> <span class='ocrx_word' id='word_1_81' title='bbox 897 1163 955 1209; x_wconf 87' lang='lat' dir='ltr'><strong>noc</strong></span> <span class='ocrx_word' id='word_1_82' title='bbox 967 1165 1041 1225; x_wconf 71' lang='lat' dir='ltr'><strong>pro»</strong></span> 
     </span>
     <span class='ocr_line' id='line_1_12' title="bbox 54 1229 1042 1308; baseline 0 -14"><span class='ocrx_word' id='word_1_83' title='bbox 54 1235 102 1296; x_wconf 91' lang='lat' dir='ltr'><strong>cul</strong></span> <span class='ocrx_word' id='word_1_84' title='bbox 127 1233 244 1294; x_wconf 79' lang='lat' dir='ltr'><strong>artari</strong></span> <span class='ocrx_word' id='word_1_85' title='bbox 269 1239 375 1294; x_wconf 76' lang='lat' dir='ltr'><strong>coroa</strong></span> <span class='ocrx_word' id='word_1_86' title='bbox 394 1229 535 1294; x_wconf 68' lang='lat' dir='ltr'><strong>nuncu</strong></span> <span class='ocrx_word' id='word_1_87' title='bbox 559 1232 686 1308; x_wconf 81' lang='lat' dir='ltr'><strong>abesse,</strong></span> <span class='ocrx_word' id='word_1_88' title='bbox 713 1231 856 1295; x_wconf 78' lang='lat' dir='ltr'><strong>clunibus</strong></span> <span class='ocrx_word' id='word_1_89' title='bbox 882 1233 914 1293; x_wconf 91' lang='lat' dir='ltr'><strong>id</strong></span> <span class='ocrx_word' id='word_1_90' title='bbox 939 1233 1042 1308; x_wconf 83' lang='lat' dir='ltr'><strong>copiis</strong></span> 
     </span>
     <span class='ocr_line' id='line_1_13' title="bbox 52 1317 1042 1394; baseline -0.002 -16"><span class='ocrx_word' id='word_1_91' title='bbox 52 1317 183 1392; x_wconf 77' lang='lat' dir='ltr'>adgredi</span> <span class='ocrx_word' id='word_1_92' title='bbox 196 1318 360 1381; x_wconf 62' lang='lat' dir='ltr'><strong>eoncitat.</strong></span> <span class='ocrx_word' id='word_1_93' title='bbox 389 1323 507 1378; x_wconf 86' lang='lat' dir='ltr'><strong>orateo</strong></span> <span class='ocrx_word' id='word_1_94' title='bbox 520 1324 660 1394; x_wconf 84' lang='lat' dir='ltr'><strong>tempore</strong></span> <span class='ocrx_word' id='word_1_95' title='bbox 673 1317 873 1392; x_wconf 85' lang='lat' dir='ltr'><strong>valldaurbs,</strong></span> <span class='ocrx_word' id='word_1_96' title='bbox 894 1317 1042 1378; x_wconf 83' lang='lat' dir='ltr'><strong>etmulti-</strong></span> 
     </span>
     <span class='ocr_line' id='line_1_14' title="bbox 56 1400 1041 1478; baseline -0.004 -14"><span class='ocrx_word' id='word_1_97' title='bbox 56 1403 161 1464; x_wconf 84' lang='lat' dir='ltr'><strong>tudine</strong></span> <span class='ocrx_word' id='word_1_98' title='bbox 176 1401 296 1462; x_wconf 80' lang='lat' dir='ltr'><strong>civium.</strong></span> <span class='ocrx_word' id='word_1_99' title='bbox 309 1401 541 1478; x_wconf 81' lang='lat' dir='ltr'><strong>incolamnrque</strong></span> <span class='ocrx_word' id='word_1_100' title='bbox 561 1409 592 1462; x_wconf 87' lang='lat' dir='ltr'><strong>ot</strong></span> <span class='ocrx_word' id='word_1_101' title='bbox 607 1403 688 1462; x_wconf 84' lang='lat' dir='ltr'><strong>cnrni</strong></span> <span class='ocrx_word' id='word_1_102' title='bbox 702 1401 813 1463; x_wconf 87' lang='lat' dir='ltr'><strong>bellico</strong></span> <span class='ocrx_word' id='word_1_103' title='bbox 829 1407 981 1477; x_wconf 83' lang='lat' dir='ltr'><strong>apparatu</strong></span> <span class='ocrx_word' id='word_1_104' title='bbox 995 1400 1041 1460; x_wconf 88' lang='lat' dir='ltr'><strong>in-</strong></span> 
     </span>
     <span class='ocr_line' id='line_1_15' title="bbox 54 1485 1041 1561; baseline 0.002 -13"><span class='ocrx_word' id='word_1_105' title='bbox 54 1493 178 1548; x_wconf 70' lang='lat' dir='ltr'><strong>caroea.</strong></span> <span class='ocrx_word' id='word_1_106' title='bbox 212 1486 247 1546; x_wconf 83' lang='lat' dir='ltr'><strong>in</strong></span> <span class='ocrx_word' id='word_1_107' title='bbox 264 1485 406 1561; x_wconf 73' lang='lat' dir='ltr'><strong>tempore</strong></span> <span class='ocrx_word' id='word_1_108' title='bbox 419 1485 576 1561; x_wconf 78' lang='lat' dir='ltr'><strong>Quinctio,</strong></span> <span class='ocrx_word' id='word_1_109' title='bbox 597 1499 665 1546; x_wconf 84' lang='lat' dir='ltr'><strong>rem</strong></span> <span class='ocrx_word' id='word_1_110' title='bbox 684 1485 768 1548; x_wconf 82' lang='lat' dir='ltr'><strong>haud</strong></span> <span class='ocrx_word' id='word_1_111' title='bbox 788 1485 909 1548; x_wconf 83' lang='lat' dir='ltr'><strong>taciletu</strong></span> <span class='ocrx_word' id='word_1_112' title='bbox 930 1485 1041 1561; x_wconf 76' lang='lat' dir='ltr'><strong>adgre-</strong></span> 
     </span>
     <span class='ocr_line' id='line_1_16' title="bbox 54 1569 1039 1646; baseline -0.002 -15"><span class='ocrx_word' id='word_1_113' title='bbox 54 1569 157 1644; x_wconf 67' lang='lat' dir='ltr'><strong>dienti,</strong></span> <span class='ocrx_word' id='word_1_114' title='bbox 171 1583 230 1631; x_wconf 78' lang='lat' dir='ltr'><strong>rex</strong></span> <span class='ocrx_word' id='word_1_115' title='bbox 240 1570 398 1631; x_wconf 74' lang='lat' dir='ltr'><strong>Eurncncs</strong></span> <span class='ocrx_word' id='word_1_116' title='bbox 409 1577 442 1631; x_wconf 85' lang='lat' dir='ltr'><strong>et</strong></span> <span class='ocrx_word' id='word_1_117' title='bbox 454 1569 568 1632; x_wconf 80' lang='lat' dir='ltr'><strong>classis</strong></span> <span class='ocrx_word' id='word_1_118' title='bbox 577 1569 772 1632; x_wconf 78' lang='lat' dir='ltr'><strong>Rhodiorum·</strong></span> <span class='ocrx_word' id='word_1_119' title='bbox 784 1575 1039 1646; x_wconf 82' lang='lat' dir='ltr'><strong>supervenerunt.</strong></span> 
     </span>
     <span class='ocr_line' id='line_1_17' title="bbox 54 1653 1041 1730; baseline -0.003 -14"><span class='ocrx_word' id='word_1_120' title='bbox 54 1655 163 1730; x_wconf 85' lang='lat' dir='ltr'><strong>ingens</strong></span> <span class='ocrx_word' id='word_1_121' title='bbox 184 1654 349 1728; x_wconf 73' lang='lat' dir='ltr'><strong>meldrada·</strong></span> <span class='ocrx_word' id='word_1_122' title='bbox 366 1653 519 1716; x_wconf 75' lang='lat' dir='ltr'><strong>navalium</strong></span> <span class='ocrx_word' id='word_1_123' title='bbox 539 1656 711 1730; x_wconf 62' lang='lat' dir='ltr'><strong>menum,</strong></span> <span class='ocrx_word' id='word_1_124' title='bbox 733 1654 864 1716; x_wconf 74' lang='lat' dir='ltr'><strong>cuibus</strong></span> <span class='ocrx_word' id='word_1_125' title='bbox 882 1660 1041 1715; x_wconf 85' lang='lat' dir='ltr'><strong>contracta</strong></span> 
     </span>
     <span class='ocr_line' id='line_1_18' title="bbox 56 1735 1040 1816; baseline -0.004 -16"><span class='ocrx_word' id='word_1_126' title='bbox 56 1737 221 1814; x_wconf 56' lang='lat' dir='ltr'><strong>mens,</strong></span> <span class='ocrx_word' id='word_1_127' title='bbox 241 1737 320 1801; x_wconf 84' lang='lat' dir='ltr'><strong>intra</strong></span> <span class='ocrx_word' id='word_1_128' title='bbox 340 1752 462 1816; x_wconf 79' lang='lat' dir='ltr'><strong>paucos</strong></span> <span class='ocrx_word' id='word_1_129' title='bbox 480 1739 549 1800; x_wconf 85' lang='lat' dir='ltr'><strong>dies</strong></span> <span class='ocrx_word' id='word_1_130' title='bbox 565 1737 668 1799; x_wconf 84' lang='lat' dir='ltr'><strong>omnia</strong></span> <span class='ocrx_word' id='word_1_131' title='bbox 682 1753 763 1816; x_wconf 86' lang='lat' dir='ltr'><strong>quas</strong></span> <span class='ocrx_word' id='word_1_132' title='bbox 777 1739 818 1800; x_wconf 81' lang='lat' dir='ltr'><strong>ad</strong></span> <span class='ocrx_word' id='word_1_133' title='bbox 833 1735 1040 1815; x_wconf 85' lang='lat' dir='ltr'><strong>oppugnatio·</strong></span> 
     </span>
     <span class='ocr_line' id='line_1_19' title="bbox 55 1823 1040 1900; baseline -0.002 -16"><span class='ocrx_word' id='word_1_134' title='bbox 55 1836 126 1884; x_wconf 76' lang='lat' dir='ltr'><strong>nee</strong></span> <span class='ocrx_word' id='word_1_135' title='bbox 147 1823 235 1884; x_wconf 80' lang='lat' dir='ltr'><strong>orbis</strong></span> <span class='ocrx_word' id='word_1_136' title='bbox 256 1830 341 1884; x_wconf 80' lang='lat' dir='ltr'><strong>terra</strong></span> <span class='ocrx_word' id='word_1_137' title='bbox 357 1824 497 1900; x_wconf 87' lang='lat' dir='ltr'><strong>marique</strong></span> <span class='ocrx_word' id='word_1_138' title='bbox 514 1823 648 1882; x_wconf 71' lang='lat' dir='ltr'><strong>munias</strong></span> <span class='ocrx_word' id='word_1_139' title='bbox 668 1823 812 1883; x_wconf 79' lang='lat' dir='ltr'><strong>iacienda</strong></span> <span class='ocrx_word' id='word_1_140' title='bbox 833 1837 929 1898; x_wconf 85' lang='lat' dir='ltr'><strong>opera</strong></span> <span class='ocrx_word' id='word_1_141' title='bbox 952 1827 1040 1882; x_wconf 87' lang='lat' dir='ltr'><strong>erant</strong></span> 
     </span>
     <span class='ocr_line' id='line_1_20' title="bbox 56 1903 1041 1980; baseline -0.002 -14"><span class='ocrx_word' id='word_1_142' title='bbox 56 1906 164 1968; x_wconf 78' lang='lat' dir='ltr'><strong>effecit</strong></span> <span class='ocrx_word' id='word_1_143' title='bbox 187 1907 251 1967; x_wconf 82' lang='lat' dir='ltr'><strong>iant</strong></span> <span class='ocrx_word' id='word_1_144' title='bbox 260 1903 465 1968; x_wconf 82' lang='lat' dir='ltr'><strong>testudinibus</strong></span> <span class='ocrx_word' id='word_1_145' title='bbox 480 1906 618 1968; x_wconf 76' lang='lat' dir='ltr'><strong>admotla</strong></span> <span class='ocrx_word' id='word_1_146' title='bbox 628 1921 735 1967; x_wconf 74' lang='lat' dir='ltr'><strong>minus</strong></span> <span class='ocrx_word' id='word_1_147' title='bbox 749 1904 962 1980; x_wconf 70' lang='lat' dir='ltr'><strong>astruebatur,</strong></span> <span class='ocrx_word' id='word_1_148' title='bbox 977 1905 1041 1965; x_wconf 78' lang='lat' dir='ltr'><strong>iana</strong></span> 
     </span>
     <span class='ocr_line' id='line_1_21' title="bbox 56 1989 1041 2067; baseline -0.005 -15"><span class='ocrx_word' id='word_1_149' title='bbox 56 1990 204 2052; x_wconf 68' lang='lat' dir='ltr'><strong>ariedbns</strong></span> <span class='ocrx_word' id='word_1_150' title='bbox 223 1989 422 2066; x_wconf 72' lang='lat' dir='ltr'>quatiebatur.</span> <span class='ocrx_word' id='word_1_151' title='bbox 454 1991 562 2067; x_wconf 58' lang='lat' dir='ltr'><strong>moue</strong></span> <span class='ocrx_word' id='word_1_152' title='bbox 579 2005 642 2052; x_wconf 80' lang='lat' dir='ltr'><strong>rma</strong></span> <span class='ocrx_word' id='word_1_153' title='bbox 661 1990 782 2052; x_wconf 81' lang='lat' dir='ltr'><strong>crebris</strong></span> <span class='ocrx_word' id='word_1_154' title='bbox 800 1989 912 2051; x_wconf 73' lang='lat' dir='ltr'><strong>icdhus</strong></span> <span class='ocrx_word' id='word_1_155' title='bbox 930 2003 1041 2048; x_wconf 73' lang='lat' dir='ltr'><strong>evasa</strong></span> 
     </span>
     <span class='ocr_line' id='line_1_22' title="bbox 56 2074 1040 2151; baseline -0.003 -15"><span class='ocrx_word' id='word_1_156' title='bbox 56 2083 100 2137; x_wconf 84' lang='lat' dir='ltr'><strong>cst</strong></span> <span class='ocrx_word' id='word_1_157' title='bbox 113 2075 217 2149; x_wconf 73' lang='lat' dir='ltr'><strong>mnne,</strong></span> <span class='ocrx_word' id='word_1_158' title='bbox 234 2075 383 2151; x_wconf 69' lang='lat' dir='ltr'><strong>deodate</strong></span> <span class='ocrx_word' id='word_1_159' title='bbox 395 2075 479 2135; x_wconf 78' lang='lat' dir='ltr'><strong>circa</strong></span> <span class='ocrx_word' id='word_1_160' title='bbox 491 2076 569 2136; x_wconf 81' lang='lat' dir='ltr'><strong>tauri</strong></span> <span class='ocrx_word' id='word_1_161' title='bbox 584 2081 652 2136; x_wconf 84' lang='lat' dir='ltr'><strong>erat</strong></span> <span class='ocrx_word' id='word_1_162' title='bbox 663 2078 740 2135; x_wconf 77' lang='lat' dir='ltr'><strong>crau</strong></span> <span class='ocrx_word' id='word_1_163' title='bbox 754 2074 821 2135; x_wconf 87' lang='lat' dir='ltr'><strong>cius</strong></span> <span class='ocrx_word' id='word_1_164' title='bbox 836 2075 1040 2150; x_wconf 69' lang='lat' dir='ltr'><strong>prostratura</strong></span> 
     </span>
     <span class='ocr_line' id='line_1_23' title="bbox 56 2157 1041 2236; baseline -0.003 -17"><span class='ocrx_word' id='word_1_165' title='bbox 56 2167 83 2221; x_wconf 89' lang='lat' dir='ltr'><strong>et</strong></span> <span class='ocrx_word' id='word_1_166' title='bbox 101 2157 237 2220; x_wconf 73' lang='lat' dir='ltr'><strong>Romari</strong></span> <span class='ocrx_word' id='word_1_167' title='bbox 255 2157 347 2222; x_wconf 86' lang='lat' dir='ltr'><strong>simul</strong></span> <span class='ocrx_word' id='word_1_168' title='bbox 365 2175 385 2220; x_wconf 93' lang='lat' dir='ltr'><strong>a</strong></span> <span class='ocrx_word' id='word_1_169' title='bbox 404 2166 510 2236; x_wconf 88' lang='lat' dir='ltr'><strong>portu,</strong></span> <span class='ocrx_word' id='word_1_170' title='bbox 535 2161 621 2220; x_wconf 85' lang='lat' dir='ltr'><strong>unde</strong></span> <span class='ocrx_word' id='word_1_171' title='bbox 640 2158 742 2220; x_wconf 87' lang='lat' dir='ltr'><strong>aditus</strong></span> <span class='ocrx_word' id='word_1_172' title='bbox 764 2158 884 2236; x_wconf 78' lang='lat' dir='ltr'><strong>planior</strong></span> <span class='ocrx_word' id='word_1_173' title='bbox 902 2162 983 2232; x_wconf 84' lang='lat' dir='ltr'><strong>crat,</strong></span> <span class='ocrx_word' id='word_1_174' title='bbox 1007 2163 1041 2216; x_wconf 86' lang='lat' dir='ltr'><strong>ut</strong></span> 
     </span>
     <span class='ocr_line' id='line_1_24' title="bbox 56 2242 1041 2320; baseline -0.004 -16"><span class='ocrx_word' id='word_1_175' title='bbox 56 2242 265 2305; x_wconf 73' lang='lat' dir='ltr'><strong>distenderent</strong></span> <span class='ocrx_word' id='word_1_176' title='bbox 275 2243 313 2304; x_wconf 89' lang='lat' dir='ltr'><strong>ab</strong></span> <span class='ocrx_word' id='word_1_177' title='bbox 325 2243 479 2320; x_wconf 70' lang='lat' dir='ltr'><strong>apertiom</strong></span> <span class='ocrx_word' id='word_1_178' title='bbox 489 2245 559 2305; x_wconf 86' lang='lat' dir='ltr'><strong>loco</strong></span> <span class='ocrx_word' id='word_1_179' title='bbox 569 2243 678 2320; x_wconf 88' lang='lat' dir='ltr'><strong>hostis,</strong></span> <span class='ocrx_word' id='word_1_180' title='bbox 686 2244 776 2305; x_wconf 86' lang='lat' dir='ltr'><strong>simul</strong></span> <span class='ocrx_word' id='word_1_181' title='bbox 787 2257 845 2320; x_wconf 89' lang='lat' dir='ltr'><strong>per</strong></span> <span class='ocrx_word' id='word_1_182' title='bbox 854 2243 1041 2319; x_wconf 82' lang='lat' dir='ltr'><strong>patefactum</strong></span> 
     </span>
     <span class='ocr_line' id='line_1_25' title="bbox 56 2325 1040 2404; baseline -0.004 -16"><span class='ocrx_word' id='word_1_183' title='bbox 56 2329 143 2388; x_wconf 88' lang='lat' dir='ltr'><strong>ruina</strong></span> <span class='ocrx_word' id='word_1_184' title='bbox 161 2327 221 2389; x_wconf 88' lang='lat' dir='ltr'><strong>iter</strong></span> <span class='ocrx_word' id='word_1_185' title='bbox 239 2328 410 2404; x_wconf 78' lang='lat' dir='ltr'><strong>inunpcrc</strong></span> <span class='ocrx_word' id='word_1_186' title='bbox 430 2335 589 2390; x_wconf 90' lang='lat' dir='ltr'><strong>conantur.</strong></span> <span class='ocrx_word' id='word_1_187' title='bbox 621 2343 681 2388; x_wconf 90' lang='lat' dir='ltr'><strong>nec</strong></span> <span class='ocrx_word' id='word_1_188' title='bbox 700 2328 828 2389; x_wconf 84' lang='lat' dir='ltr'><strong>multum</strong></span> <span class='ocrx_word' id='word_1_189' title='bbox 842 2326 932 2397; x_wconf 81' lang='lat' dir='ltr'><strong>aruit,</strong></span> <span class='ocrx_word' id='word_1_190' title='bbox 955 2325 1040 2401; x_wconf 78' lang='lat' dir='ltr'><strong>quin,</strong></span> 
     </span>
     <span class='ocr_line' id='line_1_26' title="bbox 58 2411 1040 2488; baseline -0.005 -16"><span class='ocrx_word' id='word_1_191' title='bbox 58 2412 328 2487; x_wconf 81' lang='lat' dir='ltr'><strong>quaintcnderarc,</strong></span> <span class='ocrx_word' id='word_1_192' title='bbox 341 2418 549 2488; x_wconf 67' lang='lat' dir='ltr'><strong>penetrarenta</strong></span> <span class='ocrx_word' id='word_1_193' title='bbox 566 2413 624 2472; x_wconf 88' lang='lat' dir='ltr'><strong>scd</strong></span> <span class='ocrx_word' id='word_1_194' title='bbox 634 2412 767 2473; x_wconf 77' lang='lat' dir='ltr'><strong>tardavit</strong></span> <span class='ocrx_word' id='word_1_195' title='bbox 776 2411 922 2486; x_wconf 84' lang='lat' dir='ltr'><strong>inpetum</strong></span> <span class='ocrx_word' id='word_1_196' title='bbox 934 2425 1040 2470; x_wconf 77' lang='lat' dir='ltr'><strong>corana</strong></span> 
     </span>
     <span class='ocr_line' id='line_1_27' title="bbox 58 2492 1038 2572; baseline -0.007 -15"><span class='ocrx_word' id='word_1_197' title='bbox 58 2511 129 2572; x_wconf 83' lang='lat' dir='ltr'><strong>spes</strong></span> <span class='ocrx_word' id='word_1_198' title='bbox 144 2497 266 2558; x_wconf 84' lang='lat' dir='ltr'><strong>obiecta</strong></span> <span class='ocrx_word' id='word_1_199' title='bbox 281 2495 443 2558; x_wconf 77' lang='lat' dir='ltr'><strong>dedendae</strong></span> <span class='ocrx_word' id='word_1_200' title='bbox 456 2496 556 2570; x_wconf 82' lang='lat' dir='ltr'><strong>urbis,</strong></span> <span class='ocrx_word' id='word_1_201' title='bbox 571 2512 645 2557; x_wconf 83' lang='lat' dir='ltr'><strong>mox</strong></span> <span class='ocrx_word' id='word_1_202' title='bbox 659 2494 774 2555; x_wconf 67' lang='lat' dir='ltr'><strong>dende</strong></span> <span class='ocrx_word' id='word_1_203' title='bbox 786 2493 893 2554; x_wconf 87' lang='lat' dir='ltr'><strong>eadem</strong></span> <span class='ocrx_word' id='word_1_204' title='bbox 908 2492 1038 2552; x_wconf 87' lang='lat' dir='ltr'><strong>turbata.</strong></span> 
     </span>
     <span class='ocr_line' id='line_1_28' title="bbox 58 2574 1040 2657; baseline -0.008 -17"><span class='ocrx_word' id='word_1_205' title='bbox 58 2579 269 2657; x_wconf 69' lang='lat' dir='ltr'><strong>Dexagoridas</strong></span> <span class='ocrx_word' id='word_1_206' title='bbox 295 2588 326 2642; x_wconf 85' lang='lat' dir='ltr'><strong>et</strong></span> <span class='ocrx_word' id='word_1_207' title='bbox 346 2581 507 2657; x_wconf 74' lang='lat' dir='ltr'>Gorgopas</span> <span class='ocrx_word' id='word_1_208' title='bbox 533 2581 599 2656; x_wconf 89' lang='lat' dir='ltr'><strong>pari</strong></span> <span class='ocrx_word' id='word_1_209' title='bbox 624 2577 752 2654; x_wconf 85' lang='lat' dir='ltr'><strong>imperio</strong></span> <span class='ocrx_word' id='word_1_210' title='bbox 779 2582 943 2653; x_wconf 81' lang='lat' dir='ltr'><strong>praeerant</strong></span> <span class='ocrx_word' id='word_1_211' title='bbox 960 2574 1040 2635; x_wconf 89' lang='lat' dir='ltr'><strong>urbi.</strong></span> 
     </span>
     <span class='ocr_line' id='line_1_29' title="bbox 58 2659 1040 2741; baseline -0.009 -17"><span class='ocrx_word' id='word_1_212' title='bbox 58 2663 269 2741; x_wconf 66' lang='lat' dir='ltr'><strong>Dexagoridas</strong></span> <span class='ocrx_word' id='word_1_213' title='bbox 284 2667 410 2726; x_wconf 82' lang='lat' dir='ltr'><strong>miserat</strong></span> <span class='ocrx_word' id='word_1_214' title='bbox 423 2665 463 2725; x_wconf 84' lang='lat' dir='ltr'><strong>ad</strong></span> <span class='ocrx_word' id='word_1_215' title='bbox 477 2665 610 2740; x_wconf 82' lang='lat' dir='ltr'><strong>legatum</strong></span> <span class='ocrx_word' id='word_1_216' title='bbox 623 2664 795 2739; x_wconf 72' lang='lat' dir='ltr'><strong>Romanurn</strong></span> <span class='ocrx_word' id='word_1_217' title='bbox 809 2659 989 2721; x_wconf 87' lang='lat' dir='ltr'><strong>traditurum</strong></span> <span class='ocrx_word' id='word_1_218' title='bbox 1004 2673 1040 2716; x_wconf 85' lang='lat' dir='ltr'><strong>se</strong></span> 
     </span>
     <span class='ocr_line' id='line_1_30' title="bbox 59 2742 1038 2824; baseline -0.006 -16"><span class='ocrx_word' id='word_1_219' title='bbox 59 2748 174 2810; x_wconf 71' lang='lat' dir='ltr'><strong>urbemv</strong></span> <span class='ocrx_word' id='word_1_220' title='bbox 203 2758 318 2811; x_wconf 88' lang='lat' dir='ltr'><strong>etcum</strong></span> <span class='ocrx_word' id='word_1_221' title='bbox 340 2749 379 2810; x_wconf 88' lang='lat' dir='ltr'><strong>ad</strong></span> <span class='ocrx_word' id='word_1_222' title='bbox 394 2763 540 2810; x_wconf 76' lang='lat' dir='ltr'><strong>canorem</strong></span> <span class='ocrx_word' id='word_1_223' title='bbox 554 2755 677 2824; x_wconf 81' lang='lat' dir='ltr'><strong>tempus</strong></span> <span class='ocrx_word' id='word_1_224' title='bbox 693 2753 724 2807; x_wconf 88' lang='lat' dir='ltr'><strong>et</strong></span> <span class='ocrx_word' id='word_1_225' title='bbox 737 2745 815 2807; x_wconf 88' lang='lat' dir='ltr'><strong>ratio</strong></span> <span class='ocrx_word' id='word_1_226' title='bbox 831 2742 1038 2815; x_wconf 74' lang='lat' dir='ltr'><strong>convenisset,</strong></span> 
     </span>
     <span class='ocr_line' id='line_1_31' title="bbox 61 2826 1039 2911; baseline -0.005 -20"><span class='ocrx_word' id='word_1_227' title='bbox 61 2833 234 2911; x_wconf 75' lang='lat' dir='ltr'><strong>atlorgopa</strong></span> <span class='ocrx_word' id='word_1_228' title='bbox 250 2833 390 2910; x_wconf 78' lang='lat' dir='ltr'><strong>proditor</strong></span> <span class='ocrx_word' id='word_1_229' title='bbox 402 2833 589 2894; x_wconf 85' lang='lat' dir='ltr'><strong>interficitur.</strong></span> <span class='ocrx_word' id='word_1_230' title='bbox 612 2831 818 2906; x_wconf 83' lang='lat' dir='ltr'><strong>intentiusque</strong></span> <span class='ocrx_word' id='word_1_231' title='bbox 833 2828 871 2889; x_wconf 87' lang='lat' dir='ltr'><strong>ab</strong></span> <span class='ocrx_word' id='word_1_232' title='bbox 887 2843 949 2889; x_wconf 93' lang='lat' dir='ltr'><strong>uno</strong></span> <span class='ocrx_word' id='word_1_233' title='bbox 963 2826 1039 2889; x_wconf 89' lang='lat' dir='ltr'><strong>urbs</strong></span> 
     </span>
     <span class='ocr_line' id='line_1_32' title="bbox 62 2909 1039 2993; baseline -0.005 -18"><span class='ocrx_word' id='word_1_234' title='bbox 62 2916 297 2990; x_wconf 58' lang='lat' dir='ltr'><strong>defendebatun</strong></span> <span class='ocrx_word' id='word_1_235' title='bbox 324 2925 355 2978; x_wconf 89' lang='lat' dir='ltr'><strong>ct</strong></span> <span class='ocrx_word' id='word_1_236' title='bbox 374 2917 527 2978; x_wconf 77' lang='lat' dir='ltr'><strong>difficilior</strong></span> <span class='ocrx_word' id='word_1_237' title='bbox 547 2919 628 2979; x_wconf 86' lang='lat' dir='ltr'><strong>lacta</strong></span> <span class='ocrx_word' id='word_1_238' title='bbox 648 2913 840 2993; x_wconf 77' lang='lat' dir='ltr'><strong>oppugnatio</strong></span> <span class='ocrx_word' id='word_1_239' title='bbox 861 2919 939 2986; x_wconf 88' lang='lat' dir='ltr'><strong>crat,</strong></span> <span class='ocrx_word' id='word_1_240' title='bbox 961 2912 993 2972; x_wconf 89' lang='lat' dir='ltr'><strong>ni</strong></span> <span class='ocrx_word' id='word_1_241' title='bbox 1005 2909 1039 2970; x_wconf 88' lang='lat' dir='ltr'><strong>T.</strong></span> 
     </span>
     <span class='ocr_line' id='line_1_33' title="bbox 63 2999 1039 3080; baseline -0.007 -17"><span class='ocrx_word' id='word_1_242' title='bbox 63 2999 217 3073; x_wconf 72' lang='lat' dir='ltr'><strong>Quincdus</strong></span> <span class='ocrx_word' id='word_1_243' title='bbox 228 3018 300 3064; x_wconf 78' lang='lat' dir='ltr'><strong>cuna</strong></span> <span class='ocrx_word' id='word_1_244' title='bbox 310 3007 454 3080; x_wconf 83' lang='lat' dir='ltr'><strong>quattuor</strong></span> <span class='ocrx_word' id='word_1_245' title='bbox 461 3000 583 3062; x_wconf 88' lang='lat' dir='ltr'><strong>milibus</strong></span> <span class='ocrx_word' id='word_1_246' title='bbox 596 3002 783 3063; x_wconf 87' lang='lat' dir='ltr'><strong>delectorum</strong></span> <span class='ocrx_word' id='word_1_247' title='bbox 795 2999 918 3059; x_wconf 77' lang='lat' dir='ltr'><strong>utilitum</strong></span> <span class='ocrx_word' id='word_1_248' title='bbox 931 3012 1039 3073; x_wconf 90' lang='lat' dir='ltr'><strong>super·</strong></span> 
     </span>
     <span class='ocr_line' id='line_1_34' title="bbox 62 3080 1040 3162; baseline -0.006 -17"><span class='ocrx_word' id='word_1_249' title='bbox 62 3087 202 3148; x_wconf 58' lang='lat' dir='ltr'><strong>nasset.</strong></span> <span class='ocrx_word' id='word_1_250' title='bbox 236 3088 265 3148; x_wconf 85' lang='lat' dir='ltr'><strong>ia</strong></span> <span class='ocrx_word' id='word_1_251' title='bbox 285 3101 356 3148; x_wconf 85' lang='lat' dir='ltr'><strong>cunr</strong></span> <span class='ocrx_word' id='word_1_252' title='bbox 377 3085 542 3162; x_wconf 81' lang='lat' dir='ltr'><strong>supercilio</strong></span> <span class='ocrx_word' id='word_1_253' title='bbox 556 3085 640 3146; x_wconf 86' lang='lat' dir='ltr'><strong>hund</strong></span> <span class='ocrx_word' id='word_1_254' title='bbox 654 3086 761 3162; x_wconf 88' lang='lat' dir='ltr'><strong>procul</strong></span> <span class='ocrx_word' id='word_1_255' title='bbox 776 3082 918 3145; x_wconf 83' lang='lat' dir='ltr'><strong>dictantis</strong></span> <span class='ocrx_word' id='word_1_256' title='bbox 932 3080 1040 3142; x_wconf 86' lang='lat' dir='ltr'><strong>tumuli</strong></span> 
     </span>
     <span class='ocr_line' id='line_1_35' title="bbox 64 3168 1040 3243; baseline -0.01 -11"><span class='ocrx_word' id='word_1_257' title='bbox 64 3168 99 3226; x_wconf 86' lang='lat' dir='ltr'><strong>ab</strong></span> <span class='ocrx_word' id='word_1_258' title='bbox 112 3170 186 3231; x_wconf 85' lang='lat' dir='ltr'><strong>urbe</strong></span> <span class='ocrx_word' id='word_1_259' title='bbox 206 3169 386 3232; x_wconf 69' lang='lat' dir='ltr'><strong>eamean</strong></span> <span class='ocrx_word' id='word_1_260' title='bbox 407 3171 505 3232; x_wconf 89' lang='lat' dir='ltr'><strong>aciem</strong></span> <span class='ocrx_word' id='word_1_261' title='bbox 520 3169 722 3243; x_wconf 83' lang='lat' dir='ltr'><strong>ostendisset,</strong></span> <span class='ocrx_word' id='word_1_262' title='bbox 744 3175 774 3228; x_wconf 91' lang='lat' dir='ltr'><strong>et</strong></span> <span class='ocrx_word' id='word_1_263' title='bbox 788 3184 828 3229; x_wconf 89' lang='lat' dir='ltr'><strong>ex</strong></span> <span class='ocrx_word' id='word_1_264' title='bbox 842 3169 939 3229; x_wconf 89' lang='lat' dir='ltr'><strong>altero</strong></span> <span class='ocrx_word' id='word_1_265' title='bbox 952 3170 1040 3240; x_wconf 87' lang='lat' dir='ltr'><strong>parte</strong></span> 
     </span>
    </p>
   </div>
   <div class='ocr_carea' id='block_1_3' title="bbox 63 3249 1153 3584">
    <p class='ocr_par' dir='ltr' id='par_1_4' title="bbox 63 3249 1153 3584">
     <span class='ocr_line' id='line_1_36' title="bbox 63 3249 1040 3331; baseline -0.014 -11"><span class='ocrx_word' id='word_1_266' title='bbox 63 3249 94 3309; x_wconf 65' lang='grc' dir='ltr'><strong>Β·</strong></span> <span class='ocrx_word' id='word_1_267' title='bbox 108 3253 265 3328; x_wconf 74' lang='lat' dir='ltr'><strong>Quinctius</strong></span> <span class='ocrx_word' id='word_1_268' title='bbox 280 3257 318 3316; x_wconf 88' lang='lat' dir='ltr'><strong>ab</strong></span> <span class='ocrx_word' id='word_1_269' title='bbox 334 3253 480 3331; x_wconf 85' lang='lat' dir='ltr'><strong>operibus</strong></span> <span class='ocrx_word' id='word_1_270' title='bbox 496 3255 562 3315; x_wconf 85' lang='lat' dir='ltr'><strong>suis</strong></span> <span class='ocrx_word' id='word_1_271' title='bbox 575 3260 657 3314; x_wconf 86' lang='lat' dir='ltr'><strong>terra</strong></span> <span class='ocrx_word' id='word_1_272' title='bbox 671 3253 809 3328; x_wconf 85' lang='lat' dir='ltr'><strong>marique</strong></span> <span class='ocrx_word' id='word_1_273' title='bbox 823 3252 958 3322; x_wconf 76' lang='lat' dir='ltr'><strong>instaret,</strong></span> <span class='ocrx_word' id='word_1_274' title='bbox 976 3255 1040 3308; x_wconf 89' lang='lat' dir='ltr'><strong>tum</strong></span> 
     </span>
     <span class='ocr_line' id='line_1_37' title="bbox 65 3329 1153 3417; baseline -0.009 -20"><span class='ocrx_word' id='word_1_275' title='bbox 65 3345 132 3400; x_wconf 74' lang='lat' dir='ltr'><strong>vero</strong></span> <span class='ocrx_word' id='word_1_276' title='bbox 147 3340 322 3417; x_wconf 83' lang='lat' dir='ltr'><strong>desperatio</strong></span> <span class='ocrx_word' id='word_1_277' title='bbox 339 3341 506 3416; x_wconf 82' lang='lat' dir='ltr'><strong>Gorgopan</strong></span> <span class='ocrx_word' id='word_1_278' title='bbox 518 3352 643 3414; x_wconf 86' lang='lat' dir='ltr'><strong>quoquc</strong></span> <span class='ocrx_word' id='word_1_279' title='bbox 654 3337 754 3412; x_wconf 87' lang='lat' dir='ltr'><strong>coegit</strong></span> <span class='ocrx_word' id='word_1_280' title='bbox 764 3335 797 3395; x_wconf 94' lang='lat' dir='ltr'><strong>id</strong></span> <span class='ocrx_word' id='word_1_281' title='bbox 808 3332 937 3406; x_wconf 89' lang='lat' dir='ltr'><strong>consilii,</strong></span> <span class='ocrx_word' id='word_1_282' title='bbox 954 3329 1040 3405; x_wconf 89' lang='lat' dir='ltr'><strong>quod</strong></span> <span class='ocrx_word' id='word_1_283' title='bbox 1151 3335 1153 3343; x_wconf 91' lang='grc'><strong><em>·</em></strong></span> 
     </span>
     <span class='ocr_line' id='line_1_38' title="bbox 66 3413 1041 3498; baseline -0.007 -19"><span class='ocrx_word' id='word_1_284' title='bbox 66 3417 92 3478; x_wconf 92' lang='lat' dir='ltr'><strong>in</strong></span> <span class='ocrx_word' id='word_1_285' title='bbox 107 3424 200 3486; x_wconf 86' lang='lat' dir='ltr'><strong>altero</strong></span> <span class='ocrx_word' id='word_1_286' title='bbox 214 3431 313 3486; x_wconf 87' lang='lat' dir='ltr'><strong>morte</strong></span> <span class='ocrx_word' id='word_1_287' title='bbox 326 3423 551 3498; x_wconf 86' lang='lat' dir='ltr'><strong>vindicaverat,</strong></span> <span class='ocrx_word' id='word_1_288' title='bbox 567 3436 697 3497; x_wconf 87' lang='lat' dir='ltr'><strong>caperc;</strong></span> <span class='ocrx_word' id='word_1_289' title='bbox 719 3427 749 3480; x_wconf 87' lang='lat' dir='ltr'><strong>et</strong></span> <span class='ocrx_word' id='word_1_290' title='bbox 763 3425 883 3496; x_wconf 87' lang='lat' dir='ltr'><strong>pactus,</strong></span> <span class='ocrx_word' id='word_1_291' title='bbox 898 3421 930 3475; x_wconf 90' lang='lat' dir='ltr'><strong>ut</strong></span> <span class='ocrx_word' id='word_1_292' title='bbox 944 3413 1041 3475; x_wconf 85' lang='lat' dir='ltr'><strong>abdu-</strong></span> 
     </span>
     <span class='ocr_line' id='line_1_39' title="bbox 66 3499 1042 3584; baseline -0.004 -24"><span class='ocrx_word' id='word_1_293' title='bbox 66 3516 130 3566; x_wconf 84' lang='lat' dir='ltr'><strong>cere</strong></span> <span class='ocrx_word' id='word_1_294' title='bbox 143 3507 216 3570; x_wconf 88' lang='lat' dir='ltr'><strong>inde</strong></span> <span class='ocrx_word' id='word_1_295' title='bbox 235 3508 362 3579; x_wconf 85' lang='lat' dir='ltr'><strong>milites,</strong></span> <span class='ocrx_word' id='word_1_296' title='bbox 385 3523 467 3583; x_wconf 85' lang='lat' dir='ltr'><strong>quos</strong></span> <span class='ocrx_word' id='word_1_297' title='bbox 485 3505 632 3584; x_wconf 87' lang='lat' dir='ltr'><strong>praesidii</strong></span> <span class='ocrx_word' id='word_1_298' title='bbox 647 3519 742 3564; x_wconf 85' lang='lat' dir='ltr'><strong>causa</strong></span> <span class='ocrx_word' id='word_1_299' title='bbox 754 3499 903 3575; x_wconf 84' lang='lat' dir='ltr'><strong>habebat,</strong></span> <span class='ocrx_word' id='word_1_300' title='bbox 923 3499 1042 3566; x_wconf 73' lang='lat' dir='ltr'><strong>liceret,</strong></span> 
     </span>
    </p>
   </div>
   <div class='ocr_carea' id='block_1_4' title="bbox 0 0 1263 3902">
    <p class='ocr_par' dir='ltr' id='par_1_5' title="bbox 0 0 1263 3902">
     <span class='ocr_line' id='line_1_40' title="bbox 0 0 1263 3902; baseline 0 0"><span class='ocrx_word' id='word_1_301' title='bbox 0 0 1263 3902; x_wconf 95' lang='lat' dir='ltr'><strong> </strong></span> 
     </span>
    </p>
   </div>
  </div>
 </body>
</html>
