2482 3902
215 203 277 268 106
348 202 463 262 LIBER
476 199 608 260 xxxllt
632 197 716 259 ιιι)
730 205 775 260 m.
789 205 833 260 ιι.
849 176 893 274 [a.
907 201 940 255 u.
957 199 1057 276 esso]

214 371 289 433 prae
303 369 338 416 se
352 369 419 414 eurr
409 349 515 412 mille
528 357 559 411 et
574 348 741 426 quingenta
755 346 931 448 quindecim
943 348 1061 426 pondo,
1076 345 1186 424 argenti

213 437 320 513 viginti
334 435 432 511 milia,
455 433 567 511 signati
587 432 747 496 denarium
766 432 888 508 triginta
909 439 1054 508 quattuor
1068 431 1149 493 milia
1161 443 1186 492 et

213 521 399 599 quingentos
412 517 643 595 quinquaginta.
657 518 691 578 L.
700 515 863 580 Stertinius
874 531 916 578 ex
927 516 1073 578 ulteriore
1082 515 1185 592 Hrspa

213 605 272 678 nia,
289 620 329 665 ne
343 610 489 678 temptata
502 602 627 678 quidem
638 600 782 678 triumphi
793 616 860 678 spe,
874 598 1098 677 quinquaginta
1111 599 1185 662 milia

212 689 319 767 pondo
339 686 458 786 argenti
472 685 504 746 in
519 686 671 748 aerarium
690 684 804 756 intulit;
826 692 858 747 et
877 683 917 748 de
937 683 1092 746 manubiis
1113 685 1184 746 duos

212 770 377 838 tornines'
369 787 400 831 m
421 772 489 832 loro
509 769 642 840 Bovario
663 779 735 832 unte
754 769 889 831 Fortuna
908 768 1018 831 aedem
1038 775 1070 830 et
1088 767 1184 830 matris

211 857 363 929 Matutae,
384 871 478 915 unum
499 853 530 913 ιιι
550 852 884 929 maxhnocircolecit,
905 853 1004 914 ethis
1024 851 1184 915 fornicibus

213 941 302 1018 signu
316 945 423 1002 aurata
436 937 592 1014 imposuit.
620 937 699 1000 haee
713 953 770 1014 per
783 935 915 998 hiemem
928 937 1025 999 lerme
1039 945 1117 999 acta

297 1022 485 1085 Hibernabat
505 1038 542 1083 eo
564 1029 703 1099 tempore
721 1013 886 1083 ElatiaeT.
900 1019 1076 1096 Quinctius,
1095 1037 1183 1096 aquo

212 1126 284 1171 cum
297 1109 391 1170 multe
404 1105 483 1168 socii
495 1114 642 1182 peterent,
657 1105 767 1168 Boeoti
776 1105 931 1182 petierunt
940 1105 1184 1184 impetraverunt-

213 1211 290 1271 que,
312 1201 345 1254 ut
366 1190 441 1276 qui
440 1207 516 1253 suae
537 1191 637 1266 gentis
651 1189 834 1252 militassent
848 1191 933 1267 apud
945 1189 1117 1267 Philippum
1132 1187 1184 1250 sibi

211 1265 453 1340 restituerentur
485 1274 518 1336 id
532 1292 552 1336 a
566 1273 706 1350 Quinctio
721 1273 811 1335 tacite
821 1273 1026 1372 impetratum,
1043 1290 1105 1336 non
1120 1273 1184 1369 qnia

212 1362 289 1425 satis
311 1361 499 1438 dignosces
522 1360 683 1433 credebat,
705 1358 762 1420 sed
776 1357 850 1456 quia
863 1358 1018 1420 Antiocho
1039 1373 1112 1434 rege
1131 1357 1184 1417 iarn

214 1451 360 1523 suspecto
383 1445 472 1505 lavor
491 1442 704 1504 conciliandus
725 1442 840 1506 nomini
860 1445 999 1506 Romano
1020 1443 1104 1519 apud
1117 1439 1184 1502 civi·

212 1537 291 1592 tates
303 1536 377 1590 erat.
418 1525 568 1589 restitutis
588 1526 628 1587 iis
649 1527 812 1590 confestim
831 1527 975 1604 apparuit
995 1543 1089 1602 quam
1108 1525 1185 1586 nulla

212 1613 287 1674 inita
301 1612 386 1688 apud
398 1612 536 1672 Boeotos
551 1609 648 1686 gratia
662 1617 756 1674 esset.
783 1628 855 1672 narn
867 1618 898 1672 et
910 1611 951 1672 od
963 1609 1135 1688 Philippum
1148 1610 1184 1667 le-

212 1706 302 1772 gatos
316 1695 430 1772 gratias
445 1702 574 1772 agentes
589 1693 618 1755 ei
632 1710 689 1769 pro
703 1695 833 1758 redditis
853 1693 1043 1768 hominibus,
1063 1692 1184 1771 perinde

210 1788 306 1857 atque
319 1777 398 1857 ipsis
412 1777 451 1839 iis
466 1787 497 1841 et
510 1796 573 1842 non
584 1778 723 1853 Quinctio
739 1787 770 1841 et
782 1779 930 1841 Romanis
940 1778 973 1839 id
983 1779 1087 1840 datum
1096 1784 1183 1846 esset,

212 1863 376 1937 miserunt,
403 1871 434 1924 et
453 1862 584 1926 comitiis
610 1861 760 1939 proximis
779 1863 993 1926 Boeotarchen
1014 1863 1055 1924 ob
1076 1862 1184 1922 nullam

211 1947 807 2026 aliamcausamBrachyllamquendam,
824 1947 1184 2024 quamquodpraelectus
1223 1985 1224 1988 ,

210 2033 399 2096 Boeotorum
423 2033 508 2106 apud
531 2047 636 2108 regern
664 2031 854 2094 militantium
885 2031 1009 2105 luisset,
1042 2033 1184 2102 lecerunt

211 2115 385 2193 praeteritis
399 2115 561 2191 Zeuxippo
576 2124 608 2176 et
620 2115 778 2178 Pisistrato
793 2117 939 2194 aliisque,
960 2115 1013 2192 qui
1031 2116 1185 2178 Romanae

212 2199 371 2262 societatis
391 2206 534 2260 auctores
549 2201 677 2261 luerunt.
719 2199 752 2260 id
772 2217 864 2276 aegre
879 2208 909 2263 et
922 2199 953 2261 in
968 2196 1186 2276 praesentiali

211 2283 309 2360 passi,
325 2292 355 2345 et
368 2283 399 2344 in
415 2284 548 2344 futurum
562 2283 654 2345 etiarn
667 2291 781 2346 metum
795 2292 958 2361 ceperunt:
979 2301 1050 2346 curn
1063 2284 1105 2348 ad
1119 2300 1184 2360 por-

210 2377 259 2430 tas
274 2383 373 2444 prope
387 2368 515 2429 sedente
529 2367 667 2430 exercitu
679 2371 818 2432 Romano
840 2386 878 2430 ea
898 2367 1020 2440 tierent,
1043 2367 1185 2444 quidnam

211 2470 248 2515 se
262 2453 396 2514 futurum
411 2467 484 2514 esse
498 2451 646 2529 proiectis
657 2452 688 2513 ιιι
699 2453 816 2516 ltaliam
825 2453 983 2527 Romanis,
996 2451 1140 2528 Philippo
1152 2466 1185 2510 ex

210 2535 388 2615 propinquo
404 2535 510 2599 socios
524 2535 704 2610 adiuvante,
725 2545 757 2599 et
775 2537 888 2600 infesto
904 2536 941 2600 iis
957 2537 1010 2616 qui
1024 2536 1124 2613 partis
1138 2535 1185 2595 nd·

210 2637 322 2684 versae
337 2620 478 2683 luissent
518 2621 654 2682 XXVlll.
676 2623 748 2682 dum
762 2621 901 2684 Romana
919 2639 1004 2682 arma
1017 2621 1050 2682 in
1064 2619 1185 2698 propin·

212 2723 273 2781 quo
294 2706 457 2779 haberent,
485 2706 591 2767 tollere
611 2706 821 2784 Brachyllem,
846 2706 1017 2782 principem
1037 2708 1185 2768 lautorum

208 2788 308 2863 regie,
324 2797 503 2851 statuerunt.
540 2797 572 2850 et
584 2795 726 2865 ternpore
737 2791 778 2851 ad
791 2807 860 2852 eam
873 2807 937 2852 rem
952 2799 1059 2866 capto,
1075 2805 1147 2854 curn
1160 2788 1185 2848 in

211 2870 335 2949 publico
357 2875 498 2948 epulatus
519 2881 724 2936 reverteretur
744 2875 868 2936 domurn
882 2876 1067 2936 temulentus
1082 2889 1186 2950 prosc-

210 2955 374 3031 quentihns
388 2955 532 3020 mollibus
546 2955 639 3032 viris,
665 2959 717 3033 qui
731 2957 792 3020 ioci
807 2974 901 3019 causa
916 2957 1063 3020 convivio
1076 2954 1186 3019 celebri

210 3038 416 3112 interfuerant,
431 3039 471 3099 ab
487 3055 544 3102 sex
558 3042 698 3116 armatis,
715 3059 845 3118 quorum
859 3051 922 3104 tres
936 3040 1034 3104 ltnliei
1051 3051 1116 3104 tres
1130 3045 1185 3102 Ae·

210 3121 265 3184 toli
279 3131 372 3196 erant,
388 3121 618 3186 circumventus
633 3125 793 3188 occiditur.
827 3129 900 3202 luga
916 3125 1063 3188 comitum
1078 3134 1110 3190 et
1124 3122 1185 3200 qui-

208 3204 309 3268 ritatio
330 3208 424 3282 lacta,
450 3215 481 3270 et
494 3209 641 3270 tumultus
656 3225 713 3285 per
727 3217 819 3272 totam
832 3213 939 3273 urbem
953 3209 1202 3272 discurrentium·

210 3305 280 3350 oum
299 3289 475 3351 luminibus.
517 3307 721 3368 percussores
742 3292 883 3369 proxima
904 3303 994 3370 porta
1013 3300 1186 3356 evaserunt

210 3375 278 3430 luce
293 3372 391 3447 prima
405 3374 508 3435 contio
524 3375 672 3450 frequens
686 3378 770 3438 velut
783 3394 823 3438 ex
837 3386 907 3440 ante
918 3377 1035 3440 indicto
1047 3386 1101 3440 aut
1111 3391 1187 3438 voce

209 3456 373 3525 praeconis
389 3465 565 3518 convocata,
576 3457 607 3517 in
622 3459 739 3519 theatro
755 3469 828 3521 erat.
850 3463 952 3536 palam
965 3464 1004 3523 ab
1020 3479 1079 3525 suo
1096 3459 1186 3524 comi·
