2480 3904
239 227 355 288 hlBltR
369 228 503 288 XXXVI.
527 227 610 288 CAP.
625 240 652 290 e.
664 237 690 290 o.
715 235 750 302 [a.
764 235 796 287 c.
809 235 871 303 ιιι]
985 227 1047 291 225

59 387 134 444 sunt
148 379 244 440 missi.
266 377 461 454 Epirotarum
477 379 588 454 legatio
604 386 669 440 erat
686 381 809 441 minime
824 383 853 441 in
868 389 987 458 partem
1001 384 1046 443 ul·

58 467 121 526 lam
135 463 223 526 liberi
238 469 291 523 aut
306 461 454 538 simplicis
469 461 572 522 animi.
594 465 678 540 apud
688 481 790 541 regem
803 467 929 542 gratiam
941 467 1045 526 initam

57 550 208 609 volebant
224 563 293 608 eum
308 561 346 607 eo
361 553 396 607 ut
410 553 568 623 caverent,
584 564 623 608 ne
638 549 712 624 quid
727 549 921 611 offenderent
933 549 1044 611 Rorna-

58 649 129 694 nos.
163 631 309 708 petebant
330 630 425 701 enim,
448 646 488 690 ne
503 646 537 690 se
551 637 666 694 temere
680 633 711 692 in
728 649 853 695 causam
869 633 1044 707 deduceret,

58 717 223 793 expositos
245 715 397 775 adversus
415 713 530 775 ltaliam
551 731 608 792 pro
631 717 712 778 omni
729 718 856 779 Graecia
877 724 908 779 et
927 719 1044 794 primos

56 804 193 876 impetus
207 800 417 860 Romanorum
432 806 625 874 excepturos.
654 801 712 861 sed
734 801 760 862 si
780 803 848 877 ipse
864 809 972 877 posset
986 809 1043 864 ter-

55 885 210 946 restribus
229 883 454 958 navalibusque
475 884 575 958 copiis
597 885 776 960 praesidere
794 885 904 962 Epiro,
932 887 1044 962 cupide

56 987 130 1030 eum
146 967 246 1028 omnis
260 965 405 1042 Epirotes
420 973 451 1026 et
465 966 592 1028 urbibus
608 975 638 1029 et
652 967 802 1044 portubus
819 969 884 1030 suis
901 978 1044 1046 aceeptu-

54 1070 123 1114 ros.
148 1053 174 1112 si
190 1052 221 1112 id
237 1067 299 1112 non
315 1057 437 1127 posset,
453 1051 628 1126 deprecari,
644 1067 683 1111 ne
698 1068 733 1112 se
748 1053 849 1113 nudos
862 1060 953 1130 atque
965 1055 1043 1114 iner-

55 1153 126 1198 mes
142 1137 283 1197 Romano
298 1136 379 1196 bello
395 1135 539 1195 obiceret.
563 1136 622 1196 hee
636 1135 789 1210 legatione
803 1136 835 1197 id
850 1135 900 1212 agi
915 1153 1043 1212 appare·

54 1224 126 1296 bat,
149 1226 184 1280 ut
204 1219 286 1294 sive,
309 1219 393 1294 quod
414 1218 513 1294 magis
529 1219 709 1294 credebant,
727 1220 927 1280 abstinuisset
940 1220 1044 1296 Epiro,

54 1308 180 1380 integra
195 1301 254 1363 sibi
269 1304 371 1364 onmia
385 1303 469 1378 apud
484 1305 638 1364 exereitus
652 1305 809 1365 Romanos
829 1311 949 1379 essent,
972 1321 1043 1365 con-

57 1391 162 1450 ciliate
176 1385 252 1447 satis
269 1387 353 1462 apud
372 1402 478 1462 regem
498 1389 610 1462 gratia,
634 1387 718 1462 quod
738 1389 894 1464 accepturi
915 1388 1046 1449 iecissent

56 1473 251 1542 venientem
280 1473 347 1531 sive
371 1473 523 1546 venisset,
550 1473 596 1532 sic
622 1487 746 1548 quoque
771 1488 846 1548 spes
871 1473 981 1533 veniae
1006 1473 1046 1534 ab

54 1556 210 1620 Romanis
236 1556 329 1630 ieret,
357 1555 441 1631 quod
464 1572 523 1616 non
550 1563 730 1632 exspectato
755 1557 923 1633 longinquo
950 1557 1045 1618 absc

59 1639 177 1704 auxilio
198 1639 370 1716 praesentis
390 1638 505 1699 viribus
527 1641 774 1701 succubuissent.
802 1641 873 1702 huic
893 1647 954 1702 tam
976 1657 1044 1717 per-

54 1728 175 1804 plexae
191 1725 335 1800 legationi
351 1722 499 1800 quianon
514 1725 589 1784 setis
604 1725 634 1783 in
650 1731 793 1800 promptu
808 1731 888 1804 erat,
909 1725 983 1801 quid
997 1742 1044 1784 re-

54 1810 245 1887 sponderet,
269 1811 387 1884 legatos
409 1823 444 1868 se
458 1808 624 1868 missurum
638 1808 678 1869 ad
694 1823 749 1868 eos
770 1809 861 1883 dixit,
885 1810 937 1885 qui
953 1810 991 1868 de
1007 1808 1044 1868 iis

56 1910 144 1971 quae
159 1893 201 1954 ad
216 1893 285 1954 illos
301 1907 399 1968 seque
415 1892 614 1952 communiter
628 1893 816 1966 pertinerent
835 1893 1043 1968 loquerentur.

57 1981 109 2039 Vl.
145 1979 177 2038 in
193 1977 353 2037 Boeotiam
372 1977 441 2050 ipse
463 1976 621 2052 proiectus
643 1983 703 2048 est,
731 1989 842 2038 causes
863 1975 1044 2051 inspeciem

54 2063 125 2122 irae
150 2061 304 2121 adversus
318 2059 475 2121 Romanos
501 2075 554 2120 eos
581 2076 660 2136 quas
686 2066 756 2121 ante
782 2060 846 2121 dixi
870 2059 1049 2122 habentem,

55 2144 247 2223 Brachyllae
260 2159 368 2204 necem
384 2150 415 2203 et
428 2145 540 2204 bellum
556 2160 575 2204 a
590 2143 729 2220 Quinctio
746 2145 903 2208 Coroneae
918 2150 1047 2220 propter

55 2232 272 2292 Romanorum
291 2227 417 2288 militum
437 2229 549 2288 caedes
569 2229 697 2304 illatum,
724 2244 758 2290 re
783 2245 857 2290 vera
877 2245 933 2305 per
953 2230 1047 2290 multa

56 2317 123 2375 iam
139 2314 247 2374 secula
261 2312 384 2389 publice
399 2312 602 2389 privatimque
616 2314 738 2374 labante
753 2315 876 2389 egregia
891 2314 1047 2389 quondam

57 2397 231 2474 disciplina
245 2397 359 2472 gentis,
375 2403 405 2458 et
418 2397 580 2457 multorum
592 2412 629 2458 eo
642 2403 723 2458 statu
736 2397 788 2472 qui
800 2398 959 2457 diuturnus
976 2412 1047 2457 esse

57 2485 133 2544 sine
147 2483 316 2542 mutatione
329 2495 431 2542 rerum
446 2497 507 2540 non
519 2487 635 2556 posset.
660 2481 780 2542 obviam
792 2479 900 2540 effusis
911 2479 1047 2552 undique

55 2567 213 2629 Boeotiae
228 2565 420 2641 principibus
434 2565 555 2626 Thebas
572 2564 661 2624 venit.
689 2563 731 2624 ibi
745 2565 776 2624 in
793 2561 922 2624 coneilio
937 2563 1047 2638 gentis,

57 2665 254 2728 quamquam
269 2657 299 2710 et
313 2649 354 2709 ad
366 2649 485 2711 Delium
499 2649 615 2723 impetu
629 2649 659 2708 in
675 2647 862 2723 praesidium
875 2648 1048 2708 Romanurn

54 2737 146 2796 lecto
162 2741 193 2794 et
207 2734 247 2794 ad
258 2732 432 2794 chalcidem
449 2732 643 2794 commiserat
656 2747 713 2792 nec
729 2748 747 2792 a
763 2731 866 2808 parvis
878 2746 936 2792 nec
947 2726 1047 2792 dubiis

53 2817 225 2894 principiis
240 2817 367 2891 bellum,
383 2825 484 2878 temen
498 2817 627 2876 eandem
642 2816 811 2880 orationem
826 2831 967 2892 exorsus,
987 2832 1048 2892 qua

53 2904 92 2962 in
110 2903 269 2978 colloquio
291 2902 389 2978 prime
413 2902 451 2961 ad
468 2900 640 2962 Chalcidem
663 2915 786 2977 quaque
808 2915 865 2976 per
883 2901 1001 2977 legates
1016 2900 1047 2960 in

53 2987 196 3048 concilio
211 2985 408 3046 Achaeorum
427 3001 504 3046 usus
518 2992 596 3058 erat,
616 2993 651 3047 ut
664 2983 827 3046 amicitiam
842 3000 947 3046 secum
962 2985 1048 3045 insti-

51 3072 123 3142 tui,
139 3086 202 3132 non
216 3069 331 3130 bellum
346 3069 438 3130 indici
449 3069 596 3130 Romanis
608 3070 786 3145 postularet
807 3069 958 3130 neminem
975 3069 1050 3144 quid

52 3161 209 3230 ageretur
233 3152 372 3215 fallebat:
408 3155 564 3214 decretum
590 3160 690 3214 tamen
717 3151 773 3216 sub
799 3153 858 3214 levi
883 3153 1049 3213 verborum

51 3245 228 3316 praetextu
242 3253 300 3314 pro
314 3253 388 3314 rege
402 3237 554 3298 adversus
569 3239 724 3300 Romanos
740 3238 852 3299 loetum
867 3244 922 3297 est.

149 3323 217 3384 Hac
244 3338 371 3398 quoque
396 3322 487 3396 gente
512 3322 655 3383 adiuncta
675 3319 850 3383 chalcidem
874 3335 1047 3394 regressus,

50 3406 247 3486 praemissis
259 3407 331 3466 inde
345 3404 461 3482 litteris,
476 3411 511 3468 ut
520 3407 743 3467 Demetriadem
755 3403 956 3464 convenirent
966 3403 1051 3478 prin-

51 3493 152 3567 cipes
168 3491 362 3561 Aetolorum,
380 3505 448 3550 cum
465 3489 576 3567 quibus
593 3489 631 3550 de
647 3505 765 3551 summa
782 3504 884 3549 rerum
900 3487 1051 3547 deliberar

103 3590 135 3631 τ.
157 3591 220 3633 ιινι
243 3591 321 3634 raas
342 3575 394 3635 tv.
811 3581 844 3636 15
