2482 3902
195 205 312 268 LIBER
325 206 458 268 XXXlll.
483 206 566 268 cAP.
581 216 625 270 25·
637 217 682 284 26.
694 217 738 274 li.
761 217 797 286 [a.
814 215 847 270 0.
864 218 926 286 196]
991 212 1053 277 105

69 361 129 424 tias
150 358 269 434 affecit,
289 361 499 436 vulgataeque
511 359 628 421 litterae
645 362 678 421 (l.
695 361 910 438 Sempronium
930 363 1051 426 Tudita-

66 460 140 508 nnm
161 445 382 522 proconsulem
402 442 433 504 ln
455 442 597 506 citeriore
616 443 767 521 Hispania
788 446 906 521 proelio
927 447 1052 521 vietum,

68 529 238 592 exereitum
253 527 321 590 eius
342 529 445 590 ursum
466 529 618 604 uagatum,
643 530 755 591 multos
777 529 903 592 illusuis
922 529 1006 592 viros
1021 531 1052 592 in

67 613 134 676 atie
149 611 319 686 uomuisse,
340 611 522 675 Tuditanum
538 629 607 674 oum
627 611 713 688 gravi
727 614 855 675 vulnere
868 613 997 676 relatum
1012 631 1053 676 ex

67 696 187 775 proelio
196 697 285 758 band
299 696 341 758 lta
349 698 447 760 multo
459 704 531 773 post
542 696 732 772 exspirasse.
754 697 935 760 constuibus
945 699 1050 762 ambo·

67 784 126 845 bna
146 781 234 843 ltalia
254 779 415 857 prounoia
435 791 503 842 eum
524 779 563 843 iis
583 779 755 857 legionibus
778 797 857 858 quas
872 783 1052 859 superiores

69 867 215 929 eonsules
227 863 410 928 habuissent
421 866 555 939 decreta,
566 873 636 927 etut
647 873 791 942 quattuor
802 865 941 942 legiones
953 883 1052 928 novas

69 949 254 1022 seriberent,
281 950 359 1011 duaa
377 949 526 1023 urbanas,
554 950 632 1012 duas
652 965 732 1026 quaa
755 967 816 1028 quo
835 959 962 1012 sanatus
980 967 1049 1012 oen-

69 1033 185 1097 auiseot
211 1032 411 1096 ntltterautur.
459 1041 490 1094 ot
516 1034 549 1093 T.
578 1031 737 1108 Quinctius
763 1033 952 1096 Flamininus
982 1051 1051 1096 oum

69 1119 191 1181 duabus
214 1115 388 1194 lemmata
408 1116 601 1194 provinciam
623 1117 733 1178 eodem
755 1116 893 1180 exercitu
913 1117 1052 1180 obtinere

68 1203 189 1275 iussus;
200 1199 398 1278 imperiumst
410 1207 608 1278 prorogatum
618 1200 694 1262 satis
705 1200 765 1262 iam
777 1209 848 1262 ante
858 1199 958 1262 videri
969 1218 1051 1264 osse.

67 1287 175 1348 XXVI.
197 1295 357 1364 praetores
378 1285 491 1348 deinde
513 1283 688 1362 provintias
710 1284 823 1356 sortiti,
845 1285 879 1344 L.
899 1285 1052 1361 Apustius

67 1371 155 1432 lullo
170 1371 320 1432 urbanam
340 1368 598 1443 iurisdietionem,
617 1369 669 1430 Μ’.
689 1369 809 1430 Acilius
830 1369 952 1430 Glabrio
974 1367 1054 1430 inter

70 1455 147 1516 civis
169 1463 200 1516 et
220 1453 418 1530 peregrinos,
442 1453 475 1529 Q.
490 1452 604 1515 Fabius
618 1454 717 1515 Buteo
732 1452 912 1529 Hispaniam
927 1451 1050 1514 ulterio-

68 1549 142 1611 rem,
159 1538 194 1612 9.
205 1538 359 1600 Minucius
369 1537 518 1600 Thermus
531 1536 712 1612 ulteriorem
726 1535 892 1599 &Laelius
906 1533 1054 1614 Siciliam,

67 1621 110 1684 u.
125 1621 331 1700 Sempronius
351 1619 477 1698 Lonmrs
499 1619 680 1684 Sardiniam.
718 1621 752 1696 0.
766 1619 861 1682 Fabio
876 1620 1007 1683 Buteoni
1022 1629 1052 1682 et

67 1707 100 1783 Q.
114 1704 268 1782 nanneto,
284 1704 397 1783 umbus
412 1704 579 1782 Hispaniae
594 1705 772 1782 provinciae
787 1713 961 1779 evenerant,
977 1722 1050 1767 oon-

67 1793 153 1854 sulas
168 1789 310 1868 legiones
325 1789 463 1866 singulas
479 1803 518 1850 ex
534 1795 678 1864 quattuor
698 1790 737 1852 ab
758 1805 794 1851 ae
809 1789 951 1866 seriptis,
972 1805 1049 1866 quas

68 1875 240 1950 videretur,
259 1873 305 1937 uti
319 1874 428 1936 alerent
442 1873 600 1935 decretum
620 1881 683 1948 est,
703 1881 735 1934 et
755 1872 874 1934 socium
894 1889 931 1934 ao
951 1872 1051 1934 Latini

66 1955 200 2022 nominis
216 1966 366 2035 quaterna
379 1956 462 2019 milia
476 1955 628 2034 peditum,
649 1964 793 2020 trecenos
808 1955 945 2032 equitea;
967 1956 1053 2033 tione

67 2045 166 2121 primu
181 2053 309 2120 quoque
322 2050 462 2118 tempure
476 2041 507 2102 in
522 2040 699 2118 provincias
714 2039 759 2104 ire
774 2038 862 2102 iussi.
892 2041 1006 2102 bellum
1019 2041 1051 2100 in

67 2126 217 2206 Hispania
233 2127 339 2204 quinto
352 2132 427 2204 post
438 2139 522 2188 anno
537 2133 677 2188 exortum
692 2134 749 2201 est,
765 2137 859 2202 quam
876 2123 966 2186 simul
982 2141 1052 2187 oum

70 2212 185 2274 Pontou
200 2213 283 2274 bello
300 2213 398 2272 tuerat
412 2210 539 2273 finitum.

146 2295 331 2373 manuam
346 2303 399 2356 ant
412 2293 444 2354 hi
458 2302 617 2371 praetores
631 2294 672 2356 ad
684 2294 799 2357 bellum
815 2310 912 2373 prope
926 2310 1052 2369 novum,

69 2380 139 2456 qnia
158 2388 226 2442 tum
246 2379 377 2456 primum
398 2395 456 2440 suo
478 2378 602 2441 nomine
622 2377 690 2440 sine
705 2381 768 2442 ullo
782 2380 897 2440 maino
913 2377 1053 2440 exercitu

68 2472 118 2528 aut
131 2466 214 2527 duae
228 2465 269 2524 ad
283 2479 368 2525 arma
381 2461 488 2540 ierant,
503 2461 782 2540 proficiscerentur,
796 2471 849 2524 aut
862 2461 924 2539 ipsi
939 2477 1046 2523 oonsu-

67 2546 164 2611 iasab
175 2549 253 2610 urbe
264 2555 431 2619 moverent
444 2563 621 2625 procurare,
631 2553 665 2606 ut
673 2546 804 2620 adsolet,
818 2544 959 2622 prodigia
972 2559 1054 2618 quae

67 2634 294 2710 nuntiabantur,
308 2631 396 2695 iussi.
418 2632 450 2692 P.
459 2631 572 2693 Villius
587 2637 686 2706 eques
699 2631 857 2692 Romanus
871 2629 902 2690 in
918 2626 1054 2690 Sabinos

68 2715 273 2792 probeleeens
294 2715 420 2780 lutmine
440 2714 509 2794 ipse
534 2725 700 2792 equusque
725 2712 889 2776 examinanti
915 2714 1053 2783 iaanenu

69 2801 155 2864 aedls
169 2800 322 2866 Feroniae
337 2800 368 2862 in
384 2799 531 2877 Capenati
545 2800 585 2862 de
599 2799 686 2860 eaelo
701 2805 783 2861 taeta
796 2807 876 2870 eram
893 2798 934 2860 ad
944 2795 1051 2860 uano

69 2893 115 2946 tae
135 2885 268 2948 duarum
286 2886 443 2948 hastarum
463 2883 584 2961 spicula
603 2890 758 2954 asserenti
779 2884 872 2960 lopus
891 2880 1053 2957 Esquilina

69 2978 157 3044 porta
167 2969 339 3048 ingressus,
352 2969 603 3046 llaquentissima
616 2975 704 3045 parto
714 2966 810 3044 tubis,
825 2983 895 3030 oum
908 2965 939 3028 iu
952 2969 1054 3028 lorum

71 3052 274 3128 damasus,
297 3054 399 3116 lusae
414 3052 485 3116 vieo
508 3062 603 3130 atqua
615 3052 689 3115 iate
703 3051 845 3116 Gemralo
862 3068 919 3129 par
933 3059 1053 3127 portam

71 3135 222 3214 Capenam
237 3153 337 3216 prope
351 3137 484 3201 intectus
499 3145 651 3200 evaserat.
680 3137 759 3198 haee
773 3134 916 3213 prodigia
929 3131 1052 3195 maiori·

71 3219 128 3282 bus
140 3221 252 3284 hostiis
266 3230 340 3284 eunt
354 3225 528 3299 procurata.

148 3307 270 3368 xxvlt.
293 3307 397 3368 ledam
409 3306 523 3370 ¹<liebus
538 3307 591 3367 Cn.
608 3305 769 3368 Cornelius
782 3300 897 3372 Blasio,
915 3299 1053 3375 quiante

74 3386 325 3467 &Sempronium
336 3391 520 3454 Tuditanum
534 3389 707 3452 citeriorem
717 3385 899 3462 Hispaniam
913 3382 1052 3444 obtinue-

72 3479 124 3547 rat,
139 3489 237 3538 ovans
253 3491 295 3537 ex
306 3483 432 3538 senatus
447 3476 589 3537 consulto
604 3474 712 3534 urbem
727 3478 775 3532 eat
788 3469 958 3543 ingressus.
985 3465 1052 3528 tulit
