2506 3898
174 192 442 256 LIBERXXXVII.
458 195 642 258 CAP.47·48.
660 203 695 269 [e.
706 203 739 254 U.
748 219 771 254 c.
778 205 839 259 563.
847 219 871 254 e.
881 201 912 254 C.
921 203 983 270 189]
1005 195 1069 260 303

91 345 191 406 ioniae
206 346 286 405 duae
302 345 331 404 in
346 359 462 420 agrum,
478 345 529 420 qui
543 346 688 406 Boiorum
703 347 820 422 luisset,
836 347 1068 421 deducerentur,

91 437 121 489 et
134 430 247 488 rettulit
261 435 291 488 et
305 437 428 489 auctore
443 443 480 489 eo
496 437 601 504 patres
616 439 809 492 censuerunt.

174 512 291 572 Eodem
313 519 452 587 tempore
464 512 498 571 L.
512 511 632 572 Aemilii
653 513 804 588 praetoris
819 515 934 575 litterae
949 515 1069 575 adlatae

91 597 131 656 de
151 596 251 656 navali
271 610 374 671 pugna
395 596 434 656 ad
451 595 657 674 Myonnesum
678 599 771 670 lacta,
794 606 824 660 et
843 598 875 657 L.
893 597 1069 672 Scipionem

91 680 250 740 consulem
264 679 294 738 in
309 679 416 739 Asiam
430 679 595 740 exercitum
604 679 771 742 traiecisse.
793 683 940 743 notoriae
950 679 1068 742 navalis

90 779 166 840 ergo
187 763 218 822 in
239 763 319 822 diem
339 779 432 823 unum
453 763 636 843 supplicatio
659 764 781 830 decreta
802 773 863 835 est;
892 765 923 824 in
943 767 1069 828 alterum

89 847 188 922 diem,
210 847 293 921 quod
315 846 467 908 exercitus
481 848 638 928 Romanus
659 854 721 908 tum
735 849 864 926 primum
878 847 908 909 in
923 849 999 909 Asia
1012 865 1068 925 po-

89 931 207 991 suisset
220 937 335 1003 castre‚
356 936 389 989 ut
403 945 440 990 ea
453 943 505 992 res
520 947 671 1006 prospera
684 940 715 992 et
728 935 807 992 laeta
821 934 964 993 eveniret.
987 933 1065 994 vice

89 1017 139 1074 nis
153 1013 320 1074 maioribus
332 1013 440 1074 hostiis
453 1015 482 1072 in
495 1015 631 1088 singulas
644 1016 882 1090 supplicationes
895 1016 1069 1076 sacrificare

89 1099 201 1158 consul
217 1103 265 1158 est
277 1099 390 1158 iussus.
412 1096 484 1158 inde
499 1098 673 1158 consularia
687 1099 808 1159 comitia
822 1114 932 1174 magna
943 1107 1069 1160 conten-

88 1183 175 1242 tione
185 1181 296 1241 habita.
310 1181 351 1240 Μ.
359 1181 506 1240 Aemilius
512 1181 647 1257 Lepidus
659 1183 783 1258 petebat
793 1183 925 1243 adverse
937 1184 1070 1243 omnium

90 1267 188 1340 lama,
211 1265 294 1341 quod
314 1265 502 1342 provinciam
517 1264 654 1344 Siciliam·
669 1267 793 1340 petendi
812 1282 906 1327 causa
920 1283 981 1326 non
997 1281 1069 1327 con-
1101 1324 1104 1328 .

90 1350 174 1410 sulto
186 1356 302 1422 senatu,
317 1355 351 1410 ut
362 1349 420 1409 sibi
435 1349 465 1408 id
477 1349 579 1409 lacere
592 1349 703 1422 liceret,
718 1349 903 1426 reliquisset.
926 1349 1071 1426 petebant

90 1449 161 1494 cum
177 1448 215 1494 eo
226 1432 266 1492 Μ.
277 1432 402 1494 Fulvius
413 1429 548 1494 Nobilior
560 1433 611 1493 Cn.
624 1432 754 1495 Manlius
765 1435 864 1495 Vulso
875 1434 915 1494 Μ.
927 1433 1070 1494 Valerius

88 1518 245 1578 Messalla.
273 1515 397 1578 Fulvius
413 1517 522 1576 consul
535 1533 615 1578 unus
631 1523 759 1594 creatur,
775 1534 843 1578 cum
859 1518 950 1578 ceteri
966 1525 1069 1578 eentu-

89 1603 154 1662 rias
175 1616 237 1661 nou
255 1601 448 1676 explessent;
469 1599 559 1676 isque
581 1607 705 1676 postero
722 1601 771 1662 die
787 1601 840 1662 Cn.
853 1601 1000 1662 Manlium
1013 1601 1069 1661 Le-

91 1686 167 1762 pido
197 1684 314 1744 deiecto
329 1715 370 1728 -·-
384 1700 453 1744 nam
477 1683 623 1744 Messalla
649 1685 798 1745 tacuit-
813 1686 961 1761 collegam
986 1685 1070 1744 dixit.

91 1775 254 1846 praetores
275 1767 387 1828 exinde
408 1768 481 1826 lacti
502 1768 563 1828 duo
583 1767 616 1840 Q.
631 1767 731 1842 Fabii,
752 1769 856 1831 Labeo
871 1775 902 1828 et
914 1770 1016 1830 Pictor
1028 1799 1069 1811 -

90 1854 194 1913 Pictor
215 1850 326 1911 flamen
349 1850 509 1924 Quirinalis
531 1867 568 1910 eo
590 1867 669 1911 anno
690 1849 889 1927 inauguratus
905 1853 1069 1924 luerat-‚

90 1937 132 1994 Μ.
149 1935 350 2010 Sempronius
364 1934 529 1994 tuditanus
545 1934 598 2010 Sp.
609 1933 782 1996 Postumius
796 1935 925 1995 Albinus
939 1936 973 1996 L.
983 1933 1068 1994 Plau-

90 2020 153 2080 tius
167 2020 332 2096 Hypsaeus
347 2020 380 2079 L.
396 2016 530 2079 Baebius
545 2019 647 2080 Dives.

178 2103 308 2164 XLVlll.
330 2103 370 2164 Μ.
384 2102 492 2163 Fulvio
512 2101 667 2164 Nobiliore
689 2109 719 2163 et
739 2102 792 2164 cn.
806 2102 919 2165 Manlio
932 2103 1071 2164 Vulsone

93 2187 275 2248 consulibus
290 2187 431 2246 Valerius
446 2186 554 2248 Antias
571 2195 677 2250 auctor
692 2194 740 2249 est
752 2202 905 2248 rumorem
920 2185 1071 2248 celebrem

91 2273 210 2332 Romae
223 2271 320 2332 fuisse
334 2277 364 2330 et
377 2285 476 2345 paene
491 2287 547 2346 pro
563 2279 645 2333 certo
660 2271 809 2346 habiturn,
823 2271 990 2348 recipiendi
1002 2267 1070 2332 Sci-

94 2355 197 2430 pionis
219 2353 425 2415 adolescentis
440 2369 534 2414 causa
548 2357 705 2417 consulem
719 2355 752 2414 L.
768 2354 943 2430 Scipionem
959 2363 1071 2416 etcum

92 2454 132 2498 eo
153 2437 186 2496 P.
203 2437 379 2498 Africanum
402 2437 433 2496 in
454 2438 640 2512 colloquium
665 2445 811 2498 evocatos
832 2439 913 2511 regis
934 2444 965 2497 et
984 2437 1071 2510 ipsos

92 2521 338 2596 comprehensos
353 2536 434 2594 esse,
449 2527 480 2580 et
493 2520 623 2582 ducibus
640 2521 736 2594 captis
749 2521 907 2581 confestim
920 2520 959 2579 ad
971 2525 1073 2578 eastra

91 2609 234 2666 Romana
253 2605 418 2666 exercitum
439 2604 579 2679 ductum,
601 2619 700 2678 eaque
721 2610 896 2678 expugnem
910 2609 940 2662 et
955 2602 1072 2662 deletas

93 2689 195 2751 omnis
219 2690 326 2768 copias
340 2689 545 2750 Romanorum
568 2702 649 2748 esse.
675 2685 714 2747 ob
735 2687 812 2747 haec
825 2687 954 2748 Aetolos
970 2691 1071 2745 sustu·

89 2777 169 2834 iisse
189 2772 308 2833 animos
329 2778 359 2832 et
378 2771 525 2832 abnuisse
546 2771 692 2847 imperata
716 2772 832 2845 iacere,
854 2770 1073 2846 principesque

91 2872 200 2917 eorum
215 2856 245 2914 in
260 2855 472 2916 Macedoniam
487 2864 518 2918 et
538 2856 566 2916 in
582 2855 743 2916 Dardanos
765 2861 795 2916 et
814 2853 843 2915 in
859 2854 1017 2914 Thraciam
1032 2853 1072 2912 ad

91 2940 297 3002 conducenda
310 2940 453 3000 mercede
467 2939 578 3000 auxilia
593 2939 760 3014 protectos.
794 2939 872 2999 haec
888 2939 939 3014 qui
955 2937 1068 2999 nuntia·

90 3031 160 3084 rent
186 3025 330 3098 Romam,
355 3024 393 3082 A.
416 3023 590 3084 Terentium
612 3023 783 3082 Vononem
804 3030 834 3084 et
853 3023 893 3082 Μ.
916 3021 1072 3082 Claudium

91 3107 242 3182 Lepidum
262 3108 301 3168 ab
323 3109 360 3167 Α.
376 3106 515 3168 cornelio
537 3113 737 3181 propraetore
757 3121 796 3165 ex
816 3104 939 3167 Aetolia
958 3105 1072 3164 missos

91 3206 174 3251 esse.
202 3191 338 3252 subtexit
354 3189 466 3252 deinde
480 3189 601 3250 fabulae
614 3188 686 3249 huic
699 3189 818 3265 legatos
832 3189 961 3250 Aetolos
976 3187 1007 3246 in
1025 3201 1072 3244 se-

92 3283 166 3335 natu
180 3275 259 3335 inter
273 3281 375 3334 cetere
389 3273 450 3334 hoc
464 3288 589 3348 quoque
602 3271 805 3348 interrogatos
820 3285 907 3343 esse,
923 3271 1005 3332 unde
1020 3285 1071 3328 au·

91 3358 212 3420 dissent
224 3359 426 3433 imperotores
440 3359 597 3418 Romanos
611 3355 641 3415 in
657 3356 733 3417 Asia
747 3360 855 3430 captos
870 3352 908 3416 ab
918 3351 1072 3415 Antiocho

90 3457 164 3518 rege
180 3447 210 3502 et
228 3443 395 3502 exercitum
417 3443 547 3502 deletum
563 3454 652 3504 esser
673 3439 801 3500 Aetolos
815 3437 1018 3513 respondisse
1032 3435 1070 3496 ab
