2480 3904
239 241 368 304 ·tlBEit
383 241 530 302 llxxvii.
552 241 635 302 chP.
652 251 693 303 ro.
709 251 752 303 11.
773 242 809 318 [a.
823 247 855 300 c.
870 246 931 321 190]
1023 246 1085 310 269

101 393 226 460 roaros
254 394 342 454 mittit
356 394 396 454 ad
410 409 480 454 eum
495 391 648 454 hominem
662 399 693 454 et
707 392 749 453 illi
763 401 883 467 notum,
905 394 958 470 qui
971 395 1086 461 diceret

97 488 137 541 et
157 494 192 541 se
204 476 393 538 Pausistrato
414 477 594 553 patriaeque
616 492 691 537 suae
710 492 821 551 magno
839 477 973 552 usui,*si
987 480 1086 556 liceat,

99 564 189 631 iore;
212 569 242 622 et
256 578 275 621 a
287 561 477 622 Pausistrato
499 576 535 621 se
555 560 673 621 restitui
692 561 723 620 in
738 561 868 638 patriam
882 577 987 637 posse.
1017 579 1086 624 cum

103 662 241 722 quonam
261 645 353 706 modo
373 644 497 704 acheri
518 652 648 721 possent
667 643 866 707 mirabundus
880 645 1085 708 Pausistratus

102 735 371 806 percunctaretur,
392 727 484 788 fldem
506 729 621 804 petenti
635 728 719 788 dedit
734 729 873 804 agendae
888 733 1086 792 communiter

100 815 150 874 rei
171 820 224 873 aut
243 811 395 888 tegendae
414 812 544 872 silentio.
577 821 641 874 tum
661 811 862 875 internuntius
876 812 992 890 regiam
1007 816 1085 876 olas·

97 913 173 958 sem
187 903 240 957 aut
252 903 346 957 totam
361 901 414 956 aut
426 896 572 956 maiorem
584 897 651 956 eius
666 903 784 970 partem
793 897 1015 976 Polyxenidam
1025 905 1085 960 tra-

100 981 237 1041 diturum
249 981 293 1039 eia
313 979 441 1055 pretium
455 980 530 1039 tanti
541 979 637 1038 meriti
648 981 764 1040 nullum
775 981 858 1041 aliud
868 982 984 1056 pacisci
996 999 1086 1058 quam

100 1064 236 1125 reditum
250 1064 281 1122 in
295 1063 433 1139 patriam.
459 1063 636 1138 magnitudo
651 1063 697 1122 rei
712 1079 769 1122 nec
783 1071 817 1123 ut
832 1064 970 1125 crederet
983 1082 1040 1126 nec
1054 1073 1085 1126 ut

97 1155 322 1223 aspernaretur
332 1147 413 1206 dicta
423 1146 526 1207 etheit.
545 1145 749 1218 Panhormum
761 1146 883 1208 Samiae
893 1155 992 1208 terrae
1002 1151 1085 1224 petit,

101 1231 211 1306 ibique
237 1231 277 1290 ad
302 1231 525 1306 explorandam
544 1245 609 1290 rem
631 1245 712 1305 quae
733 1231 835 1291 oblata
856 1239 921 1292 erat
943 1233 1084 1293 substitit.

101 1317 185 1376 ultro
207 1315 346 1390 citroque
366 1315 462 1375 nuntii
484 1329 626 1384 cursare;
648 1329 707 1374 nec
720 1313 800 1375 fides
814 1321 885 1375 ante
898 1314 1085 1377 Pausistrato

100 1399 187 1459 tacta
201 1405 257 1471 est,
273 1414 364 1474 quam
378 1413 482 1458 coram
496 1398 602 1458 nuntio
616 1398 683 1458 eius
697 1396 907 1476 Polyxenidas
922 1415 980 1460 sua
993 1416 1086 1460 manu

97 1481 230 1557 scripsit
250 1497 286 1542 se
308 1497 447 1557 eaquae
467 1481 621 1556 pollicitus
643 1488 727 1542 esset
747 1485 910 1555 iacturum,
932 1483 1086 1559 signoque

101 1579 163 1626 suo
178 1565 348 1640 impressas
359 1564 486 1626 tabellas
498 1565 588 1626 misit.
612 1580 650 1628 eo
661 1581 736 1627 vero
748 1567 876 1642 pignore
887 1569 1085 1628 velutaucto-

100 1655 204 1710 ratum
219 1649 277 1708 sibi
291 1649 480 1724 proditorem
492 1655 578 1710 ratus
593 1656 655 1708 est:
677 1652 869 1725 nequeenim
881 1651 1085 1729 eumquisub

99 1747 178 1808 rege
203 1733 336 1805 viveret,
363 1733 598 1793 commissurum
623 1733 735 1807 tuisse,
760 1742 794 1793 ut
816 1735 967 1796 adversus
989 1743 1086 1796 semet

98 1821 206 1892 ipsum
221 1815 334 1876 indicia
348 1831 441 1876 manu
460 1831 518 1877 sua
531 1823 641 1876 testata
655 1817 750 1876 daret
785 1818 857 1877 inde
870 1819 947 1880 ratio
962 1820 1085 1879 simula-

100 1909 156 1962 tae
177 1899 360 1976 proditionis
377 1900 558 1974 composita.
593 1915 726 1960 omnium
741 1915 776 1960 se
790 1916 891 1960 rerum
905 1917 1085 1976 apparatum

96 1983 290 2045 omissurum
300 1981 509 2062 Polyxenidas
524 1984 642 2053 dicere;
664 1999 726 2043 non
736 1983 891 2058 remigem,
906 1999 968 2043 non
981 1986 1085 2046 socius

101 2067 225 2128 navalis
235 2067 275 2126 ad
288 2061 420 2128 classem
432 2067 600 2143 frequentis
609 2067 790 2142 habiturum,
800 2065 1019 2128 subducturum
1030 2084 1086 2144 per

98 2150 329 2213 simulationem
348 2151 507 2212 reficiendi
525 2151 675 2228 quasdam
690 2167 800 2226 naves,
822 2151 898 2212 alias
914 2152 944 2211 in
959 2153 1081 2228 propin·

102 2231 186 2311 quos
207 2242 315 2310 portus
335 2235 546 2310 dimissurum,
569 2251 685 2311 paucas
705 2244 775 2298 ante
789 2243 911 2312 portum
925 2236 1040 2314 Ephesi
1054 2237 1085 2296 in

99 2319 172 2380 salo
186 2318 368 2394 habiturum,
385 2335 473 2394 quas,
488 2320 516 2380 si
527 2321 611 2379 exire
621 2335 672 2380 res
685 2327 816 2395 cogeret,
833 2319 1007 2382 obiecturus
1020 2335 1085 2380 cer-

98 2403 208 2464 tamini
228 2404 316 2464 toret
349 2419 442 2479 quam
461 2403 683 2477 neglegentiam
696 2403 918 2480 Polyxenidam
938 2405 1086 2464 iactasse

103 2501 164 2548 sua
183 2485 358 2547 habiturum
374 2486 582 2547 Pausistratus
603 2487 732 2559 audivit,
754 2501 822 2545 eam
842 2487 911 2559 ipse
931 2487 1085 2560 extemplo

102 2569 220 2632 habuit.
255 2577 375 2646 partem
390 2571 513 2630 navium
528 2570 568 2630 ad
583 2575 770 2629 commeatus
784 2568 990 2628 arcessendos
1003 2568 1085 2628 Hali·

98 2669 294 2729 -carnassum,
310 2669 380 2714 cum
392 2653 425 2692 **
436 2661 553 2728 partem
565 2651 691 2713 Samum
705 2653 745 2712 ad
758 2651 866 2712 urbem
880 2651 970 2726 misit,
984 2657 1018 2710 ut
1031 2667 1085 2726 pa-

102 2745 191 2798 ratus
211 2745 310 2812 esset,
332 2753 400 2798 cum
422 2737 543 2812 signum
563 2735 763 2811 adgrediendi
786 2752 804 2795 a
821 2735 978 2811 proditore
998 2750 1085 2795 acce-

102 2822 212 2897 pisset.
234 2821 442 2899 Polyxenidas
458 2835 572 2896 augere
586 2821 757 2881 simulando
769 2835 920 2880 errorem:
944 2818 1086 2882 subducit

103 2904 257 2979 quasdam
269 2920 374 2979 naves,
390 2905 465 2966 alias
479 2907 564 2966 velut
577 2905 786 2966 subducturus
797 2909 890 2978 esset,
905 2903 1027 2965 navalia
1037 2918 1085 2963 re·

100 2989 183 3057 hoit3
206 2989 337 3063 remiges
353 3004 393 3048 ex
408 2987 543 3049 hibernis
557 3005 619 3049 non
629 2987 787 3063 Ephesum
799 2989 936 3064 arcessit,
952 2987 1009 3048 sed
1019 2987 1084 3046 Ma·

103 3072 243 3146 gnesiam
266 3071 385 3134 occulte
406 3073 494 3146 cogit.
527 3073 578 3132 XI.
600 3073 679 3132 torte
694 3074 817 3148 quidam
829 3072 973 3133 Antiochi
987 3071 1084 3143 mileS,

105 3171 177 3216 cum
192 3153 317 3216 Samum
329 3157 374 3215 rei
388 3156 526 3230 privatae
541 3171 637 3216 causa
649 3158 801 3228 venisset,
821 3171 877 3230 pro
891 3153 1085 3230 speculatore

101 3238 319 3314 deprehensus
347 3239 508 3299 deducitur
531 3237 735 3299 Panhormum
763 3239 803 3298 ad
829 3239 1024 3312 praetectum.
1057 3235 1083 3294 is

106 3323 329 3396 percunctanti,
356 3323 429 3397 quid
451 3321 566 3396 Ephesi
590 3329 744 3398 ageretur,
771 3323 918 3382 incertum
943 3325 1025 3380 metu
1045 3334 1082 3378 an

105 3421 181 3480 erga
202 3421 278 3467 suos
298 3405 382 3466 haud
404 3405 524 3466 sincera
544 3405 620 3478 fide,
643 3407 743 3466 omnia
758 3403 870 3478 aperit:
894 3404 1026 3464 classem
1039 3401 1082 3460 in-

105 3497 251 3550 structam
268 3497 467 3566 paratamque
481 3489 511 3548 in
527 3497 617 3564 portu
633 3497 729 3563 stare,
744 3488 902 3562 remigium
918 3501 1007 3547 omne
1020 3485 1083 3544 Ma-
