2482 3902
189 222 232 287 96
328 220 443 298 llelllt
453 217 585 282 xxxul
608 215 691 278 CAP.
705 225 747 278 lii.
762 223 803 280 le.
818 215 855 292 [e.
867 217 903 272 U.
915 234 941 272 c.
952 219 1015 286 ωδ]

189 377 432 451 victoriaespam
444 373 594 434 iecerunt:
616 367 859 444 postremorum
870 371 1040 428 ceterorum
1050 366 1166 442 nudam

190 477 260 522 cum
282 460 362 520 duae
381 457 442 518 iam
460 453 545 516 acies
557 453 691 516 bostium
705 465 745 512 ex
759 450 905 522 diverso,
919 449 997 510 levis
1012 457 1166 512 armatura

189 545 228 604 ab
247 544 357 614 latere,
379 539 500 616 clipeati
521 535 707 612 caerulique
722 551 741 598 a
755 536 856 596 ironic
874 541 1035 608 urgerem,
1052 540 1086 594 et
1104 534 1167 610 ipsi

188 641 223 686 ra
238 625 380 686 inclinatu
400 624 497 699 primo
512 622 656 684 rettulere
670 618 795 694 pedem,
816 616 928 681 deinde
941 616 1064 693 impulsi
1078 624 1167 694 terga

187 715 323 783 vertum,
345 717 375 772 ot
389 707 528 783 plerique
549 703 675 766 abiectis
696 701 803 776 armis,
822 701 909 774 'amia
922 717 980 776 spe
993 707 1166 764 castrorum

188 792 388 855 tenendarum
403 792 517 864 relicta,
533 787 707 850 Corinthum
720 786 880 862 petierant.
912 785 1071 846 Niceratus
1085 802 1166 846 mer·

189 877 341 938 cannariis
355 875 502 936 militibus
514 873 554 934 cd
567 871 625 932 hos
639 869 891 947 persequendos,
905 867 1059 944 equilibus
1072 869 1167 930 Thra-

189 977 323 1036 cumque
340 959 461 1022 auxiliis
482 958 512 1018 in
532 956 733 1032 populatores
748 954 814 1029 agri
829 951 966 1029 Sicyonii
981 951 1086 1014 missis
1102 971 1165 1014 ma-

187 1060 278 1120 gnam
293 1043 336 1104 ibi
350 1057 474 1120 quoque
490 1041 615 1101 eaedem
629 1038 737 1110 edidit,
752 1038 900 1098 maiorem
914 1052 1014 1114 prope
1027 1053 1121 1112 quam
1136 1039 1164 1097 in

186 1126 305 1203 proelio
320 1128 400 1204 ipso.
427 1143 468 1188 ex
481 1125 518 1186 iis
534 1139 658 1200 quoque
673 1123 725 1197 qui
738 1121 881 1182 Pellenen
894 1121 1096 1196 Phliuntaque
1113 1122 1165 1182 de-

187 1213 327 1288 populati
348 1217 449 1284 eraut,
469 1208 664 1282 incompositi
677 1206 785 1282 partim
801 1207 998 1283 omniumque
1011 1204 1112 1280 ignari
1127 1206 1163 1266 ad

188 1303 289 1356 castra
302 1301 500 1364 revertentes,
517 1293 547 1352 in
562 1293 696 1353 bostium
711 1290 859 1352 stationes
874 1298 1028 1366 tamquam
1043 1289 1075 1350 in
1091 1304 1165 1350 suae·

186 1379 260 1440 illati
274 1387 357 1447 sunt;
379 1378 488 1453 partim
503 1391 543 1436 ex
557 1377 701 1438 discrusu
714 1375 746 1434 id
760 1375 845 1450 quod
862 1381 927 1434 erat
940 1374 1106 1466 suspicati,
1126 1373 1166 1433 ita

187 1477 223 1522 se
236 1463 267 1522 in
282 1464 384 1536 lugam
400 1459 515 1536 passim
529 1467 721 1535 sparserant,
737 1465 772 1518 ut
785 1459 823 1518 ab
838 1458 916 1533 ipsis
930 1457 1105 1534 agrestibus
1119 1471 1162 1518 er·

185 1553 289 1606 rantes
305 1541 602 1606 obcnmvenircnttu.
629 1542 806 1605 ceciderunt
818 1558 856 1604 eo
871 1543 921 1604 die
935 1542 1016 1602 mille
1032 1549 1062 1602 et
1077 1541 1165 1617 quin-

185 1631 277 1703 genti,
295 1629 376 1703 capti
389 1625 524 1688 trecenti.
545 1625 665 1690 Achaia
678 1626 777 1687 omnis
791 1642 902 1702 magna
914 1626 1041 1688 liberata
1054 1631 1149 1686 metu.

269 1712 349 1772 XVI.
377 1709 559 1785 Priusquam
579 1709 772 1770 dimicaretur
793 1711 833 1770 ed
847 1709 1115 1788 Cynoscephalas,
1131 1709 1165 1768 L.

186 1793 342 1869 Quinctius
359 1795 523 1874 Corcyram
537 1793 645 1856 excitis
659 1798 853 1856 Acarnanum
868 1793 1071 1870 principibus,
1084 1809 1166 1872 quae

187 1880 254 1940 sola
268 1879 415 1940 Graeciae
428 1880 561 1954 partium
575 1879 606 1940 in
622 1879 768 1940 societate
782 1877 985 1940 Macedonum
998 1887 1164 1950 manserat,

185 1964 302 2026 uitium
327 1964 483 2039 quoddam
510 1962 552 2022 ibi
571 1969 673 2024 motus
694 1963 775 2024 iecit.
810 1963 891 2024 duae
912 1968 1011 2022 autem
1031 1961 1165 2022 maxime

185 2063 299 2110 causae
320 2064 376 2109 eos
395 2053 553 2109 tenuerant
573 2047 603 2106 in
625 2046 756 2107 amicitia
774 2047 872 2122 regis,
892 2062 954 2108 una
973 2046 1053 2106 fidas
1073 2045 1165 2106 insita

183 2132 275 2206 genti,
290 2133 385 2194 altera
398 2138 497 2192 metus
514 2129 679 2205 ediumque
692 2130 879 2192 Aetolorum.
906 2129 1069 2192 canalium
1082 2129 1163 2188 Leu·
1225 2147 1226 2150 ¹

184 2215 292 2274 cadem
306 2213 451 2276 indictum
466 2220 522 2276 est.
555 2229 595 2274 eo
608 2229 710 2290 neque
724 2215 824 2276 cuncti
839 2229 1012 2276 convenere
1025 2215 1164 2274 Acarna-

185 2313 256 2360 oum
271 2299 386 2374 populi,
401 2314 459 2360 nec
474 2298 511 2360 iis
527 2299 579 2374 qni
593 2305 800 2358 convenerant
813 2296 894 2358 idern
909 2297 1031 2373 placuit
1060 2296 1121 2358 sed
1135 2305 1165 2358 el

183 2383 340 2456 principes
361 2391 393 2443 et
404 2383 599 2459 magistratus
613 2382 821 2457 pervicerunt,
841 2389 877 2443 ut
889 2382 1040 2458 privatum
1054 2381 1163 2442 decre-

182 2473 246 2526 tum
265 2467 423 2528 Romanae
442 2467 596 2528 societatis
617 2466 713 2526 fieret.
747 2467 780 2526 id
800 2481 906 2526 omnes
929 2467 980 2542 qui
1001 2465 1164 2526 abluerant

181 2565 274 2624 aegre
298 2552 400 2626 passi;
429 2559 460 2612 et
480 2551 511 2612 in
531 2550 590 2612 boc
612 2549 733 2610 hemitu
751 2549 851 2625 gentis
872 2567 891 2610 a
909 2549 1050 2626 Philippo
1073 2549 1163 2611 missi

182 2634 243 2695 duo
267 2636 632 2710 principesAcaroanum
645 2634 817 2696 Androcles
839 2641 869 2695 et
882 2633 1076 2695 Echedemus
1098 2651 1161 2695 non

182 2718 223 2776 ad
244 2718 412 2778 tollendum
432 2720 524 2780 modo
547 2719 703 2778 decretum
715 2719 872 2780 Romanae
886 2716 1042 2780 societatis
1055 2719 1161 2779 value-

180 2806 264 2872 runt,
287 2801 344 2860 sed
363 2801 459 2860 etiam·
475 2809 510 2864 ut
520 2800 691 2862 Archelaus
712 2809 743 2862 et
755 2801 869 2864 Bianor
888 2802 1044 2878 principes
1060 2802 1161 2876 gentis

180 2882 282 2956 ambo,
297 2885 383 2956 quod
399 2891 541 2946 auctores
556 2884 625 2944 eius
639 2887 809 2948 sententiae
820 2883 959 2960 luissent,
975 2885 1160 2960 proditionis

179 2982 210 3023 ‚n
227 2966 593 3042 conciliodamnarentur,
610 2975 640 3028 et
648 2969 804 3032 Zeuxidae
815 2970 964 3046 praetori,
976 2967 1061 3046 quod
1071 2969 1112 3030 de
1123 2985 1162 3028 ea

179 3064 214 3109 re
224 3050 398 3124 rettulisset,
414 3051 574 3126 imperium
585 3053 793 3129 abrogaretur.
814 3069 880 3115 rem
890 3053 1091 3126 temerariam,
1104 3053 1160 3115 sed

179 3140 291 3202 eventu
304 3148 484 3210 prosperam
497 3137 631 3198 damnati
645 3138 790 3200 iecerunt.
813 3139 1014 3200 suadentibus
1025 3153 1160 3214 namque

178 3217 299 3288 aruiois,
323 3217 466 3280 oederent
484 3220 614 3296 tempori
634 3229 664 3280 et
680 3221 843 3300 corcyram
866 3223 906 3282 ad
919 3224 1078 3284 Romanos
1096 3221 1159 3281 abi·

176 3306 252 3372 rent,
269 3302 562 3364 statueruntofferrc
573 3319 608 3366 se
619 3305 809 3379 multitudini,
827 3314 857 3368 et
868 3313 967 3367 autea
979 3307 1050 3382 ipso
1063 3304 1159 3366 lenire

176 3382 239 3442 irae
260 3391 312 3444 aut
354 3386 395 3445 ati
412 3389 498 3461 quod
512 3404 604 3450 casus
619 3389 750 3452 tulisset.
783 3406 852 3451 cum
868 3405 902 3450 se
917 3389 1069 3468 frequenti
1084 3404 1154 3450 eon·

177 3465 246 3525 cilio
262 3465 325 3525 inlu
362 3538 365 3546 .
382 3475 447 3543 ent,
469 3470 567 3548 primo
582 3489 717 3533 murmur
731 3489 767 3534 ac
782 3473 920 3536 fremitus
934 3474 1153 3536 admirantium
