<?xml version="1.0" encoding="UTF-8"?>
<!DOCTYPE html PUBLIC "-//W3C//DTD XHTML 1.0 Transitional//EN"
    "http://www.w3.org/TR/xhtml1/DTD/xhtml1-transitional.dtd">
<html xmlns="http://www.w3.org/1999/xhtml" xml:lang="en" lang="en">
 <head>
  <title>
</title>
<meta http-equiv="Content-Type" content="text/html;charset=utf-8" />
  <meta name='ocr-system' content='tesseract 3.04.00' />
  <meta name='ocr-capabilities' content='ocr_page ocr_carea ocr_par ocr_line ocrx_word'/>
</head>
<body>
  <div class='ocr_page' id='page_1' title='image "./titiliviaburbec08livygoog_0059.png"; bbox 0 0 2482 3900; ppageno 0'>
   <div class='ocr_carea' id='block_1_1' title="bbox 212 220 1039 298">
    <p class='ocr_par' dir='ltr' id='par_1_1' title="bbox 212 220 1039 298">
     <span class='ocr_line' id='line_1_1' title="bbox 212 220 1039 298; baseline 0.004 -13"><span class='ocrx_word' id='word_1_1' title='bbox 212 221 256 285; x_wconf 79' lang='grc'><strong>30</strong></span> <span class='ocrx_word' id='word_1_2' title='bbox 367 222 482 282; x_wconf 81' lang='lat' dir='ltr'>LIBER</span> <span class='ocrx_word' id='word_1_3' title='bbox 495 221 599 284; x_wconf 78' lang='lat' dir='ltr'><strong>xxxi.</strong></span> <span class='ocrx_word' id='word_1_4' title='bbox 623 220 706 282; x_wconf 78' lang='lat' dir='ltr'><strong>CAP·</strong></span> <span class='ocrx_word' id='word_1_5' title='bbox 717 229 762 284; x_wconf 69' lang='lat'><strong>33·-</strong></span> <span class='ocrx_word' id='word_1_6' title='bbox 773 229 819 286; x_wconf 75' lang='lat'><strong>³4.</strong></span> <span class='ocrx_word' id='word_1_7' title='bbox 841 229 878 297; x_wconf 76' lang='lat' dir='ltr'><strong>[a.</strong></span> <span class='ocrx_word' id='word_1_8' title='bbox 893 229 925 282; x_wconf 81' lang='lat' dir='ltr'><strong>tt.</strong></span> <span class='ocrx_word' id='word_1_9' title='bbox 938 245 962 282; x_wconf 85' lang='lat' dir='ltr'><strong>e.</strong></span> <span class='ocrx_word' id='word_1_10' title='bbox 975 229 1039 298; x_wconf 79' lang='lat' dir='ltr'><strong>toa]</strong></span> 
     </span>
    </p>
   </div>
   <div class='ocr_carea' id='block_1_2' title="bbox 128 375 1233 3564">
    <p class='ocr_par' dir='ltr' id='par_1_2' title="bbox 128 375 1233 3564">
     <span class='ocr_line' id='line_1_2' title="bbox 210 375 1194 456; baseline 0.004 -18"><span class='ocrx_word' id='word_1_11' title='bbox 210 379 334 456; x_wconf 80' lang='lat' dir='ltr'><strong>quidem</strong></span> <span class='ocrx_word' id='word_1_12' title='bbox 350 377 451 437; x_wconf 88' lang='lat' dir='ltr'><strong>omnia</strong></span> <span class='ocrx_word' id='word_1_13' title='bbox 466 377 548 438; x_wconf 87' lang='lat' dir='ltr'><strong>eirea</strong></span> <span class='ocrx_word' id='word_1_14' title='bbox 562 391 777 451; x_wconf 79' lang='lat' dir='ltr'><strong>pavoremque</strong></span> <span class='ocrx_word' id='word_1_15' title='bbox 786 375 939 451; x_wconf 76' lang='lat' dir='ltr'><strong>ingentem</strong></span> <span class='ocrx_word' id='word_1_16' title='bbox 952 376 1109 450; x_wconf 85' lang='lat' dir='ltr'><strong>homiuum</strong></span> <span class='ocrx_word' id='word_1_17' title='bbox 1125 395 1194 442; x_wconf 84' lang='lat' dir='ltr'><strong>oer-</strong></span> 
     </span>
     <span class='ocr_line' id='line_1_3' title="bbox 209 461 1194 540; baseline 0.001 -17"><span class='ocrx_word' id='word_1_18' title='bbox 209 463 318 523; x_wconf 83' lang='lat' dir='ltr'><strong>nebat=</strong></span> <span class='ocrx_word' id='word_1_19' title='bbox 340 461 397 520; x_wconf 90' lang='lat' dir='ltr'><strong>sed</strong></span> <span class='ocrx_word' id='word_1_20' title='bbox 414 476 520 535; x_wconf 87' lang='lat' dir='ltr'><strong>pamm</strong></span> <span class='ocrx_word' id='word_1_21' title='bbox 534 475 664 535; x_wconf 75' lang='lat' dir='ltr'><strong>guerras,</strong></span> <span class='ocrx_word' id='word_1_22' title='bbox 687 477 779 534; x_wconf 84' lang='lat' dir='ltr'><strong>quam</strong></span> <span class='ocrx_word' id='word_1_23' title='bbox 795 466 913 535; x_wconf 80' lang='lat' dir='ltr'><strong>partem</strong></span> <span class='ocrx_word' id='word_1_24' title='bbox 928 462 1058 535; x_wconf 80' lang='lat' dir='ltr'><strong>petisset</strong></span> <span class='ocrx_word' id='word_1_25' title='bbox 1070 466 1194 540; x_wconf 70' lang='lat' dir='ltr'><strong>ooasub</strong></span> 
     </span>
     <span class='ocr_line' id='line_1_4' title="bbox 209 543 1193 620; baseline 0.002 -14"><span class='ocrx_word' id='word_1_26' title='bbox 209 549 288 606; x_wconf 88' lang='lat' dir='ltr'><strong>alam</strong></span> <span class='ocrx_word' id='word_1_27' title='bbox 302 545 436 619; x_wconf 88' lang='lat' dir='ltr'><strong>equitum</strong></span> <span class='ocrx_word' id='word_1_28' title='bbox 451 543 491 603; x_wconf 89' lang='lat' dir='ltr'><strong>ad</strong></span> <span class='ocrx_word' id='word_1_29' title='bbox 505 543 738 620; x_wconf 79' lang='lat' dir='ltr'><strong>explorandum,</strong></span> <span class='ocrx_word' id='word_1_30' title='bbox 755 559 889 618; x_wconf 88' lang='lat' dir='ltr'><strong>quonam</strong></span> <span class='ocrx_word' id='word_1_31' title='bbox 902 543 1008 606; x_wconf 88' lang='lat' dir='ltr'><strong>hostes</strong></span> <span class='ocrx_word' id='word_1_32' title='bbox 1023 546 1080 605; x_wconf 83' lang='lat' dir='ltr'><strong>iter</strong></span> <span class='ocrx_word' id='word_1_33' title='bbox 1093 545 1193 608; x_wconf 87' lang='lat' dir='ltr'><strong>inteu-</strong></span> 
     </span>
     <span class='ocr_line' id='line_1_5' title="bbox 209 627 1194 704; baseline 0.003 -15"><span class='ocrx_word' id='word_1_34' title='bbox 209 630 342 704; x_wconf 87' lang='lat' dir='ltr'><strong>disseut,</strong></span> <span class='ocrx_word' id='word_1_35' title='bbox 364 627 454 688; x_wconf 89' lang='lat' dir='ltr'><strong>misit.</strong></span> <span class='ocrx_word' id='word_1_36' title='bbox 483 627 564 688; x_wconf 86' lang='lat' dir='ltr'><strong>idom</strong></span> <span class='ocrx_word' id='word_1_37' title='bbox 578 643 665 690; x_wconf 88' lang='lat' dir='ltr'><strong>error</strong></span> <span class='ocrx_word' id='word_1_38' title='bbox 679 627 763 704; x_wconf 87' lang='lat' dir='ltr'><strong>apud</strong></span> <span class='ocrx_word' id='word_1_39' title='bbox 777 629 936 688; x_wconf 88' lang='lat' dir='ltr'><strong>oonsulem</strong></span> <span class='ocrx_word' id='word_1_40' title='bbox 951 636 1036 697; x_wconf 65' lang='lat' dir='ltr'><strong>erato</strong></span> <span class='ocrx_word' id='word_1_41' title='bbox 1053 631 1194 692; x_wconf 81' lang='lat' dir='ltr'><strong>movisse</strong></span> 
     </span>
     <span class='ocr_line' id='line_1_6' title="bbox 208 711 1192 790; baseline 0.003 -17"><span class='ocrx_word' id='word_1_42' title='bbox 208 729 246 774; x_wconf 84' lang='lat' dir='ltr'><strong>ex</strong></span> <span class='ocrx_word' id='word_1_43' title='bbox 262 711 399 772; x_wconf 88' lang='lat' dir='ltr'><strong>hibernis</strong></span> <span class='ocrx_word' id='word_1_44' title='bbox 412 726 516 786; x_wconf 79' lang='lat' dir='ltr'><strong>regem</strong></span> <span class='ocrx_word' id='word_1_45' title='bbox 532 711 663 782; x_wconf 80' lang='lat' dir='ltr'><strong>solebat,</strong></span> <span class='ocrx_word' id='word_1_46' title='bbox 682 727 774 788; x_wconf 88' lang='lat' dir='ltr'><strong>quam</strong></span> <span class='ocrx_word' id='word_1_47' title='bbox 788 712 945 787; x_wconf 73' lang='lat' dir='ltr'><strong>regionem</strong></span> <span class='ocrx_word' id='word_1_48' title='bbox 959 714 1090 788; x_wconf 86' lang='lat' dir='ltr'><strong>petisset</strong></span> <span class='ocrx_word' id='word_1_49' title='bbox 1104 715 1192 790; x_wconf 72' lang='lat' dir='ltr'><strong>igno-</strong></span> 
     </span>
     <span class='ocr_line' id='line_1_7' title="bbox 128 795 1193 872; baseline 0.004 -16"><span class='ocrx_word' id='word_1_50' title='bbox 128 855 131 863; x_wconf 91' lang='grc'><em>,</em></span> <span class='ocrx_word' id='word_1_51' title='bbox 207 811 291 857; x_wconf 84' lang='lat' dir='ltr'><strong>rans.</strong></span> <span class='ocrx_word' id='word_1_52' title='bbox 324 797 351 856; x_wconf 89' lang='lat' dir='ltr'><strong>is</strong></span> <span class='ocrx_word' id='word_1_53' title='bbox 374 810 499 872; x_wconf 86' lang='lat' dir='ltr'><strong>quoque</strong></span> <span class='ocrx_word' id='word_1_54' title='bbox 519 797 711 870; x_wconf 85' lang='lat' dir='ltr'><strong>speoulautm</strong></span> <span class='ocrx_word' id='word_1_55' title='bbox 731 795 861 856; x_wconf 85' lang='lat' dir='ltr'><strong>miserat</strong></span> <span class='ocrx_word' id='word_1_56' title='bbox 876 797 1004 871; x_wconf 80' lang='lat' dir='ltr'><strong>equites.</strong></span> <span class='ocrx_word' id='word_1_57' title='bbox 1036 797 1095 858; x_wconf 88' lang='lat' dir='ltr'><strong>hae</strong></span> <span class='ocrx_word' id='word_1_58' title='bbox 1110 799 1193 860; x_wconf 85' lang='lat' dir='ltr'><strong>duae</strong></span> 
     </span>
     <span class='ocr_line' id='line_1_8' title="bbox 208 879 1192 958; baseline 0.001 -17"><span class='ocrx_word' id='word_1_59' title='bbox 208 882 276 941; x_wconf 86' lang='lat' dir='ltr'><strong>alae</strong></span> <span class='ocrx_word' id='word_1_60' title='bbox 296 895 335 940; x_wconf 88' lang='lat' dir='ltr'><strong>ex</strong></span> <span class='ocrx_word' id='word_1_61' title='bbox 355 880 496 953; x_wconf 85' lang='lat' dir='ltr'><strong>diverso,</strong></span> <span class='ocrx_word' id='word_1_62' title='bbox 518 893 588 940; x_wconf 86' lang='lat' dir='ltr'><strong>oum</strong></span> <span class='ocrx_word' id='word_1_63' title='bbox 608 879 661 940; x_wconf 89' lang='lat' dir='ltr'><strong>diu</strong></span> <span class='ocrx_word' id='word_1_64' title='bbox 678 879 806 940; x_wconf 80' lang='lat' dir='ltr'><strong>intertis-</strong></span> <span class='ocrx_word' id='word_1_65' title='bbox 817 879 974 942; x_wconf 86' lang='lat' dir='ltr'><strong>itineribus</strong></span> <span class='ocrx_word' id='word_1_66' title='bbox 990 888 1120 956; x_wconf 77' lang='lat' dir='ltr'><strong>vagatae</strong></span> <span class='ocrx_word' id='word_1_67' title='bbox 1135 900 1192 958; x_wconf 87' lang='lat' dir='ltr'><strong>per</strong></span> 
     </span>
     <span class='ocr_line' id='line_1_9' title="bbox 207 962 1189 1037; baseline 0.001 -12"><span class='ocrx_word' id='word_1_68' title='bbox 207 963 401 1025; x_wconf 73' lang='lat' dir='ltr'><strong>Dassaretios</strong></span> <span class='ocrx_word' id='word_1_69' title='bbox 427 970 547 1037; x_wconf 86' lang='lat' dir='ltr'><strong>essent,</strong></span> <span class='ocrx_word' id='word_1_70' title='bbox 577 963 698 1023; x_wconf 75' lang='lat' dir='ltr'><strong>leodem</strong></span> <span class='ocrx_word' id='word_1_71' title='bbox 723 962 754 1021; x_wconf 83' lang='lat' dir='ltr'><strong>in</strong></span> <span class='ocrx_word' id='word_1_72' title='bbox 777 979 870 1022; x_wconf 89' lang='lat' dir='ltr'><strong>unum</strong></span> <span class='ocrx_word' id='word_1_73' title='bbox 899 964 956 1023; x_wconf 84' lang='lat' dir='ltr'><strong>iter</strong></span> <span class='ocrx_word' id='word_1_74' title='bbox 970 975 1189 1034; x_wconf 79' lang='lat' dir='ltr'><strong>ooqveuerunt</strong></span> 
     </span>
     <span class='ocr_line' id='line_1_10' title="bbox 183 1046 1190 1125; baseline 0.003 -18"><span class='ocrx_word' id='word_1_75' title='bbox 183 1113 186 1118; x_wconf 59' lang='grc'><strong>,</strong></span> <span class='ocrx_word' id='word_1_76' title='bbox 207 1055 333 1110; x_wconf 89' lang='lat' dir='ltr'><strong>neutros</strong></span> <span class='ocrx_word' id='word_1_77' title='bbox 351 1047 465 1121; x_wconf 78' lang='lat' dir='ltr'><strong>fefellit,</strong></span> <span class='ocrx_word' id='word_1_78' title='bbox 481 1054 515 1108; x_wconf 93' lang='lat' dir='ltr'><strong>ut</strong></span> <span class='ocrx_word' id='word_1_79' title='bbox 528 1047 666 1108; x_wconf 76' lang='lat' dir='ltr'><strong>lrouritue</strong></span> <span class='ocrx_word' id='word_1_80' title='bbox 681 1047 790 1122; x_wconf 81' lang='lat' dir='ltr'><strong>proout</strong></span> <span class='ocrx_word' id='word_1_81' title='bbox 804 1046 960 1109; x_wconf 87' lang='lat' dir='ltr'><strong>hominum</strong></span> <span class='ocrx_word' id='word_1_82' title='bbox 975 1063 1190 1125; x_wconf 83' lang='lat' dir='ltr'><strong>equorumque</strong></span> 
     </span>
     <span class='ocr_line' id='line_1_11' title="bbox 206 1131 1188 1208; baseline 0.001 -16"><span class='ocrx_word' id='word_1_83' title='bbox 206 1133 368 1194; x_wconf 85' lang='lat' dir='ltr'><strong>exauditus</strong></span> <span class='ocrx_word' id='word_1_84' title='bbox 390 1139 451 1204; x_wconf 89' lang='lat' dir='ltr'><strong>ast,</strong></span> <span class='ocrx_word' id='word_1_85' title='bbox 472 1132 579 1192; x_wconf 87' lang='lat' dir='ltr'><strong>hostes</strong></span> <span class='ocrx_word' id='word_1_86' title='bbox 594 1131 856 1207; x_wconf 79' lang='lat' dir='ltr'><strong>appropinquare.</strong></span> <span class='ocrx_word' id='word_1_87' title='bbox 889 1131 993 1207; x_wconf 87' lang='lat' dir='ltr'><strong>itaque</strong></span> <span class='ocrx_word' id='word_1_88' title='bbox 1007 1133 1188 1208; x_wconf 87' lang='lat' dir='ltr'><strong>priusquam</strong></span> 
     </span>
     <span class='ocr_line' id='line_1_12' title="bbox 205 1215 1187 1292; baseline 0 -15"><span class='ocrx_word' id='word_1_89' title='bbox 205 1217 236 1277; x_wconf 91' lang='lat' dir='ltr'><strong>in</strong></span> <span class='ocrx_word' id='word_1_90' title='bbox 252 1223 453 1292; x_wconf 78' lang='lat' dir='ltr'><strong>conspectum</strong></span> <span class='ocrx_word' id='word_1_91' title='bbox 465 1215 612 1290; x_wconf 84' lang='lat' dir='ltr'><strong>venirent,</strong></span> <span class='ocrx_word' id='word_1_92' title='bbox 629 1229 728 1291; x_wconf 88' lang='lat' dir='ltr'><strong>equos</strong></span> <span class='ocrx_word' id='word_1_93' title='bbox 743 1231 890 1290; x_wconf 89' lang='lat' dir='ltr'><strong>armaque</strong></span> <span class='ocrx_word' id='word_1_94' title='bbox 905 1215 1115 1290; x_wconf 81' lang='lat' dir='ltr'><strong>expedieram.</strong></span> <span class='ocrx_word' id='word_1_95' title='bbox 1131 1234 1187 1277; x_wconf 85' lang='lat' dir='ltr'><strong>nee</strong></span> 
     </span>
     <span class='ocr_line' id='line_1_13' title="bbox 205 1299 1188 1376; baseline 0.001 -16"><span class='ocrx_word' id='word_1_96' title='bbox 205 1317 306 1376; x_wconf 89' lang='lat' dir='ltr'><strong>mora,</strong></span> <span class='ocrx_word' id='word_1_97' title='bbox 327 1300 380 1362; x_wconf 93' lang='lat' dir='ltr'><strong>ubi</strong></span> <span class='ocrx_word' id='word_1_98' title='bbox 396 1302 525 1376; x_wconf 91' lang='lat' dir='ltr'><strong>primum</strong></span> <span class='ocrx_word' id='word_1_99' title='bbox 540 1300 659 1361; x_wconf 81' lang='lat' dir='ltr'><strong>bostem</strong></span> <span class='ocrx_word' id='word_1_100' title='bbox 674 1299 795 1373; x_wconf 88' lang='lat' dir='ltr'><strong>videre,</strong></span> <span class='ocrx_word' id='word_1_101' title='bbox 818 1299 1023 1360; x_wconf 83' lang='lat' dir='ltr'><strong>oonourrendi</strong></span> <span class='ocrx_word' id='word_1_102' title='bbox 1035 1300 1188 1361; x_wconf 79' lang='lat' dir='ltr'><strong>laetaest</strong></span> 
     </span>
     <span class='ocr_line' id='line_1_14' title="bbox 205 1383 1188 1460; baseline -0.001 -14"><span class='ocrx_word' id='word_1_103' title='bbox 205 1387 282 1446; x_wconf 86' lang='lat' dir='ltr'><strong>iorte</strong></span> <span class='ocrx_word' id='word_1_104' title='bbox 303 1393 332 1445; x_wconf 89' lang='lat' dir='ltr'><strong>et</strong></span> <span class='ocrx_word' id='word_1_105' title='bbox 352 1399 479 1444; x_wconf 80' lang='lat' dir='ltr'><strong>nomem</strong></span> <span class='ocrx_word' id='word_1_106' title='bbox 501 1393 531 1445; x_wconf 91' lang='lat' dir='ltr'><strong>et</strong></span> <span class='ocrx_word' id='word_1_107' title='bbox 549 1385 674 1457; x_wconf 85' lang='lat' dir='ltr'><strong>virtute,</strong></span> <span class='ocrx_word' id='word_1_108' title='bbox 700 1390 806 1457; x_wconf 83' lang='lat' dir='ltr'>utpote</span> <span class='ocrx_word' id='word_1_109' title='bbox 826 1383 895 1444; x_wconf 89' lang='lat' dir='ltr'><strong>leoti</strong></span> <span class='ocrx_word' id='word_1_110' title='bbox 917 1384 1081 1460; x_wconf 87' lang='lat' dir='ltr'><strong>utrimque,</strong></span> <span class='ocrx_word' id='word_1_111' title='bbox 1102 1385 1188 1446; x_wconf 86' lang='lat' dir='ltr'><strong>baud</strong></span> 
     </span>
     <span class='ocr_line' id='line_1_15' title="bbox 204 1465 1188 1544; baseline 0 -16"><span class='ocrx_word' id='word_1_112' title='bbox 204 1469 339 1544; x_wconf 87' lang='lat' dir='ltr'><strong>imperes</strong></span> <span class='ocrx_word' id='word_1_113' title='bbox 354 1469 462 1544; x_wconf 86' lang='lat' dir='ltr'><strong>aequis</strong></span> <span class='ocrx_word' id='word_1_114' title='bbox 480 1467 595 1528; x_wconf 85' lang='lat' dir='ltr'><strong>viribus</strong></span> <span class='ocrx_word' id='word_1_115' title='bbox 612 1482 667 1542; x_wconf 88' lang='lat' dir='ltr'><strong>per</strong></span> <span class='ocrx_word' id='word_1_116' title='bbox 682 1466 799 1541; x_wconf 83' lang='lat' dir='ltr'><strong>aliquot</strong></span> <span class='ocrx_word' id='word_1_117' title='bbox 813 1465 907 1528; x_wconf 84' lang='lat' dir='ltr'><strong>horas</strong></span> <span class='ocrx_word' id='word_1_118' title='bbox 922 1475 1101 1542; x_wconf 78' lang='lat' dir='ltr'><strong>pugnarum.</strong></span> <span class='ocrx_word' id='word_1_119' title='bbox 1118 1469 1188 1528; x_wconf 68' lang='lat' dir='ltr'><strong>friti-⁴</strong></span> 
     </span>
     <span class='ocr_line' id='line_1_16' title="bbox 204 1551 1186 1627; baseline 0.001 -16"><span class='ocrx_word' id='word_1_120' title='bbox 204 1553 285 1627; x_wconf 79' lang='lat' dir='ltr'><strong>gotio</strong></span> <span class='ocrx_word' id='word_1_121' title='bbox 306 1553 444 1627; x_wconf 89' lang='lat' dir='ltr'><strong>ipsorum</strong></span> <span class='ocrx_word' id='word_1_122' title='bbox 465 1565 678 1626; x_wconf 89' lang='lat' dir='ltr'><strong>equorumque</strong></span> <span class='ocrx_word' id='word_1_123' title='bbox 692 1551 808 1610; x_wconf 86' lang='lat' dir='ltr'><strong>ineerta</strong></span> <span class='ocrx_word' id='word_1_124' title='bbox 822 1551 949 1615; x_wconf 86' lang='lat' dir='ltr'><strong>viatoria</strong></span> <span class='ocrx_word' id='word_1_125' title='bbox 964 1552 1085 1612; x_wconf 86' lang='lat' dir='ltr'><strong>diremit</strong></span> <span class='ocrx_word' id='word_1_126' title='bbox 1097 1567 1186 1627; x_wconf 76' lang='lat' dir='ltr'><strong>pme</strong></span> 
     </span>
     <span class='ocr_line' id='line_1_17' title="bbox 204 1635 1185 1711; baseline 0.002 -17"><span class='ocrx_word' id='word_1_127' title='bbox 204 1637 285 1696; x_wconf 88' lang='lat' dir='ltr'><strong>lium.</strong></span> <span class='ocrx_word' id='word_1_128' title='bbox 307 1635 511 1696; x_wconf 87' lang='lat' dir='ltr'><strong>Maoedonum</strong></span> <span class='ocrx_word' id='word_1_129' title='bbox 526 1635 728 1708; x_wconf 79' lang='lat' dir='ltr'><strong>quadraginta</strong></span> <span class='ocrx_word' id='word_1_130' title='bbox 739 1636 867 1710; x_wconf 88' lang='lat' dir='ltr'><strong>equites,</strong></span> <span class='ocrx_word' id='word_1_131' title='bbox 879 1637 1085 1697; x_wconf 82' lang='lat' dir='ltr'><strong>Romanorum</strong></span> <span class='ocrx_word' id='word_1_132' title='bbox 1100 1637 1185 1711; x_wconf 81' lang='lat' dir='ltr'><strong>quiu</strong></span> 
     </span>
     <span class='ocr_line' id='line_1_18' title="bbox 205 1719 1233 1795; baseline -0.004 -15"><span class='ocrx_word' id='word_1_133' title='bbox 205 1734 266 1794; x_wconf 87' lang='lat' dir='ltr'><strong>qua</strong></span> <span class='ocrx_word' id='word_1_134' title='bbox 290 1727 321 1780; x_wconf 91' lang='lat' dir='ltr'><strong>et</strong></span> <span class='ocrx_word' id='word_1_135' title='bbox 344 1719 465 1792; x_wconf 81' lang='lat' dir='ltr'><strong>triginta</strong></span> <span class='ocrx_word' id='word_1_136' title='bbox 492 1719 677 1779; x_wconf 86' lang='lat' dir='ltr'><strong>oeoideruut.</strong></span> <span class='ocrx_word' id='word_1_137' title='bbox 715 1733 821 1794; x_wconf 86' lang='lat' dir='ltr'><strong>neque</strong></span> <span class='ocrx_word' id='word_1_138' title='bbox 845 1735 882 1780; x_wconf 91' lang='lat' dir='ltr'><strong>ao</strong></span> <span class='ocrx_word' id='word_1_139' title='bbox 907 1721 1005 1794; x_wconf 81' lang='lat' dir='ltr'><strong>magis</strong></span> <span class='ocrx_word' id='word_1_140' title='bbox 1033 1721 1184 1795; x_wconf 82' lang='lat' dir='ltr'><strong>explorati</strong></span> <span class='ocrx_word' id='word_1_141' title='bbox 1232 1773 1233 1776; x_wconf 74' lang='grc'>,</span> 
     </span>
     <span class='ocr_line' id='line_1_19' title="bbox 206 1802 1233 1878; baseline 0.001 -16"><span class='ocrx_word' id='word_1_142' title='bbox 206 1802 385 1878; x_wconf 86' lang='lat' dir='ltr'><strong>quiequam,</strong></span> <span class='ocrx_word' id='word_1_143' title='bbox 407 1803 437 1862; x_wconf 87' lang='lat' dir='ltr'><strong>in</strong></span> <span class='ocrx_word' id='word_1_144' title='bbox 453 1819 515 1878; x_wconf 85' lang='lat' dir='ltr'><strong>qua</strong></span> <span class='ocrx_word' id='word_1_145' title='bbox 529 1803 655 1878; x_wconf 78' lang='lat' dir='ltr'><strong>regione</strong></span> <span class='ocrx_word' id='word_1_146' title='bbox 670 1809 772 1863; x_wconf 82' lang='lat' dir='ltr'><strong>oestro</strong></span> <span class='ocrx_word' id='word_1_147' title='bbox 786 1803 921 1864; x_wconf 83' lang='lat' dir='ltr'><strong>bostium</strong></span> <span class='ocrx_word' id='word_1_148' title='bbox 935 1812 1056 1874; x_wconf 83' lang='lat' dir='ltr'><strong>eeserrt,</strong></span> <span class='ocrx_word' id='word_1_149' title='bbox 1079 1813 1133 1865; x_wconf 87' lang='lat' dir='ltr'><strong>aut</strong></span> <span class='ocrx_word' id='word_1_150' title='bbox 1146 1805 1184 1864; x_wconf 89' lang='lat' dir='ltr'><strong>itti</strong></span> <span class='ocrx_word' id='word_1_151' title='bbox 1232 1803 1233 1812; x_wconf 78' lang='grc'>’</span> 
     </span>
     <span class='ocr_line' id='line_1_20' title="bbox 206 1887 1185 1964; baseline 0.002 -18"><span class='ocrx_word' id='word_1_152' title='bbox 206 1887 244 1957; x_wconf 73' lang='lat' dir='ltr'><strong>ad</strong></span> <span class='ocrx_word' id='word_1_153' title='bbox 258 1903 361 1962; x_wconf 81' lang='lat' dir='ltr'><strong>regem</strong></span> <span class='ocrx_word' id='word_1_154' title='bbox 382 1894 437 1948; x_wconf 89' lang='lat' dir='ltr'><strong>aut</strong></span> <span class='ocrx_word' id='word_1_155' title='bbox 448 1887 479 1947; x_wconf 85' lang='lat' dir='ltr'><strong>bi</strong></span> <span class='ocrx_word' id='word_1_156' title='bbox 494 1888 534 1947; x_wconf 86' lang='lat' dir='ltr'><strong>ad</strong></span> <span class='ocrx_word' id='word_1_157' title='bbox 550 1887 707 1949; x_wconf 86' lang='lat' dir='ltr'><strong>oonsulem</strong></span> <span class='ocrx_word' id='word_1_158' title='bbox 724 1889 910 1948; x_wconf 88' lang='lat' dir='ltr'><strong>rettulerunt.</strong></span> <span class='ocrx_word' id='word_1_159' title='bbox 940 1902 996 1962; x_wconf 89' lang='lat' dir='ltr'><strong>per</strong></span> <span class='ocrx_word' id='word_1_160' title='bbox 1009 1891 1185 1964; x_wconf 73' lang='lat' dir='ltr'><strong>transfugas</strong></span> 
     </span>
     <span class='ocr_line' id='line_1_21' title="bbox 204 1971 1186 2047; baseline 0.004 -17"><span class='ocrx_word' id='word_1_161' title='bbox 204 1972 357 2046; x_wconf 81' lang='lat' dir='ltr'><strong>cognitum</strong></span> <span class='ocrx_word' id='word_1_162' title='bbox 377 1978 438 2044; x_wconf 88' lang='lat' dir='ltr'><strong>ost,</strong></span> <span class='ocrx_word' id='word_1_163' title='bbox 461 1988 540 2047; x_wconf 88' lang='lat' dir='ltr'><strong>quos</strong></span> <span class='ocrx_word' id='word_1_164' title='bbox 562 1973 670 2032; x_wconf 89' lang='lat' dir='ltr'><strong>levitas</strong></span> <span class='ocrx_word' id='word_1_165' title='bbox 688 1971 879 2046; x_wconf 83' lang='lat' dir='ltr'><strong>ingeniorum</strong></span> <span class='ocrx_word' id='word_1_166' title='bbox 894 1973 934 2031; x_wconf 86' lang='lat' dir='ltr'><strong>ad</strong></span> <span class='ocrx_word' id='word_1_167' title='bbox 949 1974 1186 2047; x_wconf 74' lang='lat' dir='ltr'><strong>eognosaandes</strong></span> 
     </span>
     <span class='ocr_line' id='line_1_22' title="bbox 204 2055 1232 2130; baseline 0 -15"><span class='ocrx_word' id='word_1_168' title='bbox 204 2055 338 2117; x_wconf 91' lang='lat' dir='ltr'><strong>hostium</strong></span> <span class='ocrx_word' id='word_1_169' title='bbox 352 2071 402 2115; x_wconf 90' lang='lat' dir='ltr'><strong>res</strong></span> <span class='ocrx_word' id='word_1_170' title='bbox 418 2056 448 2114; x_wconf 90' lang='lat' dir='ltr'><strong>iu</strong></span> <span class='ocrx_word' id='word_1_171' title='bbox 465 2056 606 2116; x_wconf 89' lang='lat' dir='ltr'><strong>omnibus</strong></span> <span class='ocrx_word' id='word_1_172' title='bbox 621 2055 710 2116; x_wconf 91' lang='lat' dir='ltr'><strong>bellis</strong></span> <span class='ocrx_word' id='word_1_173' title='bbox 725 2056 861 2130; x_wconf 78' lang='lat' dir='ltr'><strong>praebet.</strong></span> <span class='ocrx_word' id='word_1_174' title='bbox 1231 2081 1232 2092; x_wconf 22' lang='grc' dir='ltr'><strong>κ</strong></span> 
     </span>
     <span class='ocr_line' id='line_1_23' title="bbox 287 2139 1183 2216; baseline 0 -16"><span class='ocrx_word' id='word_1_175' title='bbox 287 2140 421 2200; x_wconf 86' lang='lat' dir='ltr'><strong>XXXIV.</strong></span> <span class='ocrx_word' id='word_1_176' title='bbox 443 2139 602 2216; x_wconf 85' lang='lat' dir='ltr'><strong>Philippus</strong></span> <span class='ocrx_word' id='word_1_177' title='bbox 617 2139 732 2214; x_wconf 87' lang='lat' dir='ltr'><strong>aliquid</strong></span> <span class='ocrx_word' id='word_1_178' title='bbox 748 2145 778 2198; x_wconf 90' lang='lat' dir='ltr'><strong>et</strong></span> <span class='ocrx_word' id='word_1_179' title='bbox 792 2139 833 2198; x_wconf 77' lang='lat' dir='ltr'><strong>ab</strong></span> <span class='ocrx_word' id='word_1_180' title='bbox 848 2140 1002 2200; x_wconf 78' lang='lat' dir='ltr'><strong>caritatem</strong></span> <span class='ocrx_word' id='word_1_181' title='bbox 1017 2154 1145 2200; x_wconf 84' lang='lat' dir='ltr'><strong>suorum</strong></span> <span class='ocrx_word' id='word_1_182' title='bbox 1156 2149 1183 2199; x_wconf 89' lang='lat' dir='ltr'><strong>et</strong></span> 
     </span>
     <span class='ocr_line' id='line_1_24' title="bbox 202 2223 1183 2300; baseline 0.002 -18"><span class='ocrx_word' id='word_1_183' title='bbox 202 2231 236 2283; x_wconf 88' lang='lat' dir='ltr'><strong>ut</strong></span> <span class='ocrx_word' id='word_1_184' title='bbox 250 2225 420 2298; x_wconf 86' lang='lat' dir='ltr'><strong>promptius</strong></span> <span class='ocrx_word' id='word_1_185' title='bbox 435 2240 493 2299; x_wconf 88' lang='lat' dir='ltr'><strong>pro</strong></span> <span class='ocrx_word' id='word_1_186' title='bbox 508 2239 546 2284; x_wconf 94' lang='lat' dir='ltr'><strong>eo</strong></span> <span class='ocrx_word' id='word_1_187' title='bbox 560 2224 727 2300; x_wconf 87' lang='lat' dir='ltr'><strong>perieulum</strong></span> <span class='ocrx_word' id='word_1_188' title='bbox 739 2223 865 2295; x_wconf 66' lang='lat' dir='ltr'><strong>adirent</strong></span> <span class='ocrx_word' id='word_1_189' title='bbox 880 2231 968 2284; x_wconf 85' lang='lat' dir='ltr'><strong>ratus</strong></span> <span class='ocrx_word' id='word_1_190' title='bbox 978 2225 1183 2300; x_wconf 84' lang='lat' dir='ltr'><strong>proiecturum</strong></span> 
     </span>
     <span class='ocr_line' id='line_1_25' title="bbox 202 2307 1231 2383; baseline 0.002 -16"><span class='ocrx_word' id='word_1_191' title='bbox 202 2323 252 2380; x_wconf 88' lang='lat' dir='ltr'><strong>se,</strong></span> <span class='ocrx_word' id='word_1_192' title='bbox 274 2310 300 2367; x_wconf 89' lang='lat' dir='ltr'><strong>si</strong></span> <span class='ocrx_word' id='word_1_193' title='bbox 317 2309 451 2382; x_wconf 84' lang='lat' dir='ltr'><strong>equitum</strong></span> <span class='ocrx_word' id='word_1_194' title='bbox 473 2307 525 2383; x_wconf 91' lang='lat' dir='ltr'><strong>qui</strong></span> <span class='ocrx_word' id='word_1_195' title='bbox 547 2309 721 2374; x_wconf 78' lang='lat' dir='ltr'><strong>aeciderunt</strong></span> <span class='ocrx_word' id='word_1_196' title='bbox 735 2307 764 2366; x_wconf 86' lang='lat' dir='ltr'><strong>iu</strong></span> <span class='ocrx_word' id='word_1_197' title='bbox 780 2307 975 2382; x_wconf 75' lang='lat' dir='ltr'><strong>expeditione</strong></span> <span class='ocrx_word' id='word_1_198' title='bbox 990 2308 1181 2383; x_wconf 84' lang='lat' dir='ltr'><strong>sepeliendo·</strong></span> <span class='ocrx_word' id='word_1_199' title='bbox 1230 2335 1231 2358; x_wconf 57' lang='lat' dir='ltr'><strong>t</strong></span> 
     </span>
     <span class='ocr_line' id='line_1_26' title="bbox 201 2367 1231 2466; baseline 0.002 -16"><span class='ocrx_word' id='word_1_200' title='bbox 201 2408 269 2453; x_wconf 93' lang='lat' dir='ltr'><strong>rum</strong></span> <span class='ocrx_word' id='word_1_201' title='bbox 284 2407 387 2456; x_wconf 78' lang='lat' dir='ltr'><strong>euram</strong></span> <span class='ocrx_word' id='word_1_202' title='bbox 402 2391 576 2462; x_wconf 84' lang='lat' dir='ltr'><strong>habuisset,</strong></span> <span class='ocrx_word' id='word_1_203' title='bbox 592 2392 704 2452; x_wconf 88' lang='lat' dir='ltr'><strong>adlemi</strong></span> <span class='ocrx_word' id='word_1_204' title='bbox 718 2407 774 2452; x_wconf 86' lang='lat' dir='ltr'><strong>eos</strong></span> <span class='ocrx_word' id='word_1_205' title='bbox 789 2392 819 2450; x_wconf 88' lang='lat' dir='ltr'><strong>in</strong></span> <span class='ocrx_word' id='word_1_206' title='bbox 835 2398 936 2452; x_wconf 78' lang='lat' dir='ltr'><strong>eastra</strong></span> <span class='ocrx_word' id='word_1_207' title='bbox 948 2392 1047 2466; x_wconf 85' lang='lat' dir='ltr'><strong>lussit,</strong></span> <span class='ocrx_word' id='word_1_208' title='bbox 1062 2397 1097 2456; x_wconf 86' lang='lat' dir='ltr'><strong>ul</strong></span> <span class='ocrx_word' id='word_1_209' title='bbox 1112 2408 1182 2453; x_wconf 87' lang='lat' dir='ltr'><strong>eou—</strong></span> <span class='ocrx_word' id='word_1_210' title='bbox 1230 2367 1231 2461; x_wconf 64' lang='lat' dir='ltr'><strong>l</strong></span> 
     </span>
     <span class='ocr_line' id='line_1_27' title="bbox 202 2475 1182 2551; baseline -0.004 -13"><span class='ocrx_word' id='word_1_211' title='bbox 202 2477 372 2551; x_wconf 86' lang='lat' dir='ltr'><strong>spioeretur</strong></span> <span class='ocrx_word' id='word_1_212' title='bbox 393 2477 433 2537; x_wconf 88' lang='lat' dir='ltr'><strong>ab</strong></span> <span class='ocrx_word' id='word_1_213' title='bbox 448 2477 589 2538; x_wconf 88' lang='lat' dir='ltr'><strong>omnibus</strong></span> <span class='ocrx_word' id='word_1_214' title='bbox 605 2475 720 2536; x_wconf 85' lang='lat' dir='ltr'><strong>funeris</strong></span> <span class='ocrx_word' id='word_1_215' title='bbox 735 2475 845 2544; x_wconf 89' lang='lat' dir='ltr'><strong>honos.</strong></span> <span class='ocrx_word' id='word_1_216' title='bbox 873 2476 946 2534; x_wconf 85' lang='lat' dir='ltr'><strong>nihil</strong></span> <span class='ocrx_word' id='word_1_217' title='bbox 960 2483 1021 2536; x_wconf 88' lang='lat' dir='ltr'><strong>tam</strong></span> <span class='ocrx_word' id='word_1_218' title='bbox 1035 2477 1182 2536; x_wconf 83' lang='lat' dir='ltr'><strong>ineertum</strong></span> 
     </span>
     <span class='ocr_line' id='line_1_28' title="bbox 201 2559 1183 2637; baseline 0 -17"><span class='ocrx_word' id='word_1_219' title='bbox 201 2568 334 2621; x_wconf 86' lang='lat' dir='ltr'><strong>neotum</strong></span> <span class='ocrx_word' id='word_1_220' title='bbox 350 2561 571 2623; x_wconf 87' lang='lat' dir='ltr'><strong>inaestimabile</strong></span> <span class='ocrx_word' id='word_1_221' title='bbox 584 2569 633 2622; x_wconf 88' lang='lat' dir='ltr'><strong>est</strong></span> <span class='ocrx_word' id='word_1_222' title='bbox 648 2576 739 2637; x_wconf 91' lang='lat' dir='ltr'><strong>quam</strong></span> <span class='ocrx_word' id='word_1_223' title='bbox 753 2559 844 2619; x_wconf 89' lang='lat' dir='ltr'><strong>animi</strong></span> <span class='ocrx_word' id='word_1_224' title='bbox 861 2561 1070 2621; x_wconf 87' lang='lat' dir='ltr'><strong>multitudinis.</strong></span> <span class='ocrx_word' id='word_1_225' title='bbox 1099 2561 1183 2636; x_wconf 93' lang='lat' dir='ltr'><strong>quod</strong></span> 
     </span>
     <span class='ocr_line' id='line_1_29' title="bbox 201 2644 1181 2720; baseline 0.001 -17"><span class='ocrx_word' id='word_1_226' title='bbox 201 2646 406 2720; x_wconf 78' lang='lat' dir='ltr'><strong>promptiores</strong></span> <span class='ocrx_word' id='word_1_227' title='bbox 428 2647 468 2706; x_wconf 85' lang='lat' dir='ltr'><strong>ed</strong></span> <span class='ocrx_word' id='word_1_228' title='bbox 489 2646 682 2706; x_wconf 87' lang='lat' dir='ltr'><strong>subeundam</strong></span> <span class='ocrx_word' id='word_1_229' title='bbox 708 2659 827 2704; x_wconf 86' lang='lat' dir='ltr'><strong>omnem</strong></span> <span class='ocrx_word' id='word_1_230' title='bbox 853 2644 1077 2705; x_wconf 84' lang='lat' dir='ltr'><strong>dimioationem</strong></span> <span class='ocrx_word' id='word_1_231' title='bbox 1099 2645 1181 2704; x_wconf 87' lang='lat' dir='ltr'><strong>uide·</strong></span> 
     </span>
     <span class='ocr_line' id='line_1_30' title="bbox 200 2727 1183 2811; baseline 0.001 -24"><span class='ocrx_word' id='word_1_232' title='bbox 200 2727 289 2789; x_wconf 90' lang='lat' dir='ltr'><strong>batur</strong></span> <span class='ocrx_word' id='word_1_233' title='bbox 303 2731 466 2802; x_wconf 87' lang='lat' dir='ltr'><strong>laoturum,</strong></span> <span class='ocrx_word' id='word_1_234' title='bbox 483 2731 514 2789; x_wconf 93' lang='lat' dir='ltr'><strong>id</strong></span> <span class='ocrx_word' id='word_1_235' title='bbox 529 2737 641 2790; x_wconf 91' lang='lat' dir='ltr'><strong>metum</strong></span> <span class='ocrx_word' id='word_1_236' title='bbox 655 2729 869 2804; x_wconf 76' lang='lat' dir='ltr'><strong>pigritiamque</strong></span> <span class='ocrx_word' id='word_1_237' title='bbox 883 2729 1024 2811; x_wconf 71' lang='lat' dir='ltr'><strong>incussit:</strong></span> <span class='ocrx_word' id='word_1_238' title='bbox 1044 2745 1116 2788; x_wconf 86' lang='lat' dir='ltr'><strong>uam</strong></span> <span class='ocrx_word' id='word_1_239' title='bbox 1132 2728 1183 2804; x_wconf 93' lang='lat' dir='ltr'><strong>qui</strong></span> 
     </span>
     <span class='ocr_line' id='line_1_31' title="bbox 201 2812 1229 2890; baseline 0.001 -20"><span class='ocrx_word' id='word_1_240' title='bbox 201 2812 298 2872; x_wconf 87' lang='lat' dir='ltr'><strong>hastis</strong></span> <span class='ocrx_word' id='word_1_241' title='bbox 320 2813 502 2886; x_wconf 81' lang='lat' dir='ltr'><strong>sagittisque</strong></span> <span class='ocrx_word' id='word_1_242' title='bbox 522 2819 554 2872; x_wconf 83' lang='lat' dir='ltr'><strong>et</strong></span> <span class='ocrx_word' id='word_1_243' title='bbox 572 2828 642 2872; x_wconf 89' lang='lat' dir='ltr'><strong>rara</strong></span> <span class='ocrx_word' id='word_1_244' title='bbox 655 2813 773 2872; x_wconf 84' lang='lat' dir='ltr'><strong>lauoeis</strong></span> <span class='ocrx_word' id='word_1_245' title='bbox 785 2814 866 2872; x_wconf 83' lang='lat' dir='ltr'><strong>laeta</strong></span> <span class='ocrx_word' id='word_1_246' title='bbox 879 2815 1008 2879; x_wconf 83' lang='lat' dir='ltr'><strong>vulnero</strong></span> <span class='ocrx_word' id='word_1_247' title='bbox 1021 2813 1182 2886; x_wconf 68' lang='lat' dir='ltr'><strong>vidissem„</strong></span> <span class='ocrx_word' id='word_1_248' title='bbox 1228 2881 1229 2890; x_wconf 8' lang='grc' dir='ltr'>ἵ</span> 
     </span>
     <span class='ocr_line' id='line_1_32' title="bbox 201 2895 1229 2985; baseline 0.001 -30"><span class='ocrx_word' id='word_1_249' title='bbox 201 2911 271 2955; x_wconf 87' lang='lat' dir='ltr'><strong>eum</strong></span> <span class='ocrx_word' id='word_1_250' title='bbox 284 2895 409 2955; x_wconf 80' lang='lat' dir='ltr'><strong>Graecis</strong></span> <span class='ocrx_word' id='word_1_251' title='bbox 420 2895 594 2974; x_wconf 80' lang='lat' dir='ltr'><strong>Illyriisque</strong></span> <span class='ocrx_word' id='word_1_252' title='bbox 606 2911 745 2970; x_wconf 83' lang='lat' dir='ltr'><strong>pugnare</strong></span> <span class='ocrx_word' id='word_1_253' title='bbox 756 2897 885 2971; x_wconf 85' lang='lat' dir='ltr'><strong>adsueti,</strong></span> <span class='ocrx_word' id='word_1_254' title='bbox 902 2904 1068 2973; x_wconf 82' lang='lat' dir='ltr'><strong>postquam</strong></span> <span class='ocrx_word' id='word_1_255' title='bbox 1078 2898 1182 2972; x_wconf 77' lang='lat' dir='ltr'><strong>gladio</strong></span> <span class='ocrx_word' id='word_1_256' title='bbox 1228 2897 1229 2985; x_wconf 53' lang='lat' dir='ltr'><strong>q</strong></span> 
     </span>
     <span class='ocr_line' id='line_1_33' title="bbox 200 2977 1182 3054; baseline 0.002 -16"><span class='ocrx_word' id='word_1_257' title='bbox 200 2977 396 3053; x_wconf 86' lang='lat' dir='ltr'><strong>Hispaniensi</strong></span> <span class='ocrx_word' id='word_1_258' title='bbox 409 2979 590 3041; x_wconf 79' lang='lat' dir='ltr'><strong>debunoatu</strong></span> <span class='ocrx_word' id='word_1_259' title='bbox 605 2995 736 3054; x_wconf 84' lang='lat' dir='ltr'><strong>corpora</strong></span> <span class='ocrx_word' id='word_1_260' title='bbox 746 2981 879 3042; x_wconf 83' lang='lat' dir='ltr'><strong>brachiis</strong></span> <span class='ocrx_word' id='word_1_261' title='bbox 891 2998 961 3043; x_wconf 89' lang='lat' dir='ltr'><strong>oum</strong></span> <span class='ocrx_word' id='word_1_262' title='bbox 971 2982 1100 3042; x_wconf 80' lang='lat' dir='ltr'><strong>humero</strong></span> <span class='ocrx_word' id='word_1_263' title='bbox 1112 2981 1182 3040; x_wconf 84' lang='lat' dir='ltr'><strong>abs·</strong></span> 
     </span>
     <span class='ocr_line' id='line_1_34' title="bbox 201 3063 1185 3141; baseline 0.004 -19"><span class='ocrx_word' id='word_1_264' title='bbox 201 3063 288 3136; x_wconf 64' lang='lat' dir='ltr'><strong>uisis„</strong></span> <span class='ocrx_word' id='word_1_265' title='bbox 315 3069 365 3130; x_wconf 88' lang='lat' dir='ltr'><strong>aut</strong></span> <span class='ocrx_word' id='word_1_266' title='bbox 389 3071 457 3126; x_wconf 85' lang='lat' dir='ltr'><strong>tota</strong></span> <span class='ocrx_word' id='word_1_267' title='bbox 477 3066 597 3131; x_wconf 79' lang='lat' dir='ltr'><strong>ceruice</strong></span> <span class='ocrx_word' id='word_1_268' title='bbox 622 3065 748 3126; x_wconf 82' lang='lat' dir='ltr'><strong>desecta</strong></span> <span class='ocrx_word' id='word_1_269' title='bbox 772 3066 905 3126; x_wconf 84' lang='lat' dir='ltr'><strong>divisae</strong></span> <span class='ocrx_word' id='word_1_270' title='bbox 925 3081 1056 3141; x_wconf 78' lang='lat' dir='ltr'><strong>corpore</strong></span> <span class='ocrx_word' id='word_1_271' title='bbox 1083 3066 1185 3140; x_wconf 80' lang='lat' dir='ltr'><strong>eapite</strong></span> 
     </span>
     <span class='ocr_line' id='line_1_35' title="bbox 201 3148 1228 3247; baseline 0.002 -41"><span class='ocrx_word' id='word_1_272' title='bbox 201 3148 395 3224; x_wconf 84' lang='lat' dir='ltr'><strong>patentiaque</strong></span> <span class='ocrx_word' id='word_1_273' title='bbox 418 3149 540 3212; x_wconf 79' lang='lat' dir='ltr'><strong>viscera</strong></span> <span class='ocrx_word' id='word_1_274' title='bbox 556 3156 586 3209; x_wconf 91' lang='lat' dir='ltr'><strong>et</strong></span> <span class='ocrx_word' id='word_1_275' title='bbox 607 3149 781 3212; x_wconf 76' lang='lat' dir='ltr'><strong>foeditatam</strong></span> <span class='ocrx_word' id='word_1_276' title='bbox 801 3150 889 3209; x_wconf 84' lang='lat' dir='ltr'><strong>aliam</strong></span> <span class='ocrx_word' id='word_1_277' title='bbox 915 3152 1076 3212; x_wconf 79' lang='lat' dir='ltr'><strong>vulneram</strong></span> <span class='ocrx_word' id='word_1_278' title='bbox 1097 3151 1182 3210; x_wconf 80' lang='lat' dir='ltr'><strong>vide</strong></span> <span class='ocrx_word' id='word_1_279' title='bbox 1227 3159 1228 3247; x_wconf 47' lang='lat' dir='ltr'><strong>q</strong></span> 
     </span>
     <span class='ocr_line' id='line_1_36' title="bbox 199 3233 1184 3311; baseline 0.005 -20"><span class='ocrx_word' id='word_1_280' title='bbox 199 3239 278 3307; x_wconf 77' lang='lat' dir='ltr'><strong>ruut,</strong></span> <span class='ocrx_word' id='word_1_281' title='bbox 293 3233 448 3298; x_wconf 81' lang='lat' dir='ltr'><strong>adversus</strong></span> <span class='ocrx_word' id='word_1_282' title='bbox 460 3249 543 3308; x_wconf 85' lang='lat' dir='ltr'><strong>quae</strong></span> <span class='ocrx_word' id='word_1_283' title='bbox 553 3235 614 3295; x_wconf 86' lang='lat' dir='ltr'><strong>tela</strong></span> <span class='ocrx_word' id='word_1_284' title='bbox 629 3249 771 3311; x_wconf 90' lang='lat' dir='ltr'><strong>quosque</strong></span> <span class='ocrx_word' id='word_1_285' title='bbox 786 3235 870 3294; x_wconf 92' lang='lat' dir='ltr'><strong>viros</strong></span> <span class='ocrx_word' id='word_1_286' title='bbox 880 3235 1184 3310; x_wconf 72' lang='lat' dir='ltr'><strong>pugnandum-iuret,</strong></span> 
     </span>
     <span class='ocr_line' id='line_1_37' title="bbox 200 3317 1185 3395; baseline 0.003 -20"><span class='ocrx_word' id='word_1_287' title='bbox 200 3317 303 3391; x_wconf 79' lang='lat' dir='ltr'><strong>pauidi</strong></span> <span class='ocrx_word' id='word_1_288' title='bbox 317 3319 410 3392; x_wconf 77' lang='lat' dir='ltr'><strong>vulgo</strong></span> <span class='ocrx_word' id='word_1_289' title='bbox 422 3317 596 3384; x_wconf 78' lang='lat' dir='ltr'><strong>cernebant.</strong></span> <span class='ocrx_word' id='word_1_290' title='bbox 619 3319 720 3394; x_wconf 82' lang='lat' dir='ltr'><strong>ipsum</strong></span> <span class='ocrx_word' id='word_1_291' title='bbox 732 3334 970 3395; x_wconf 73' lang='lat' dir='ltr'><strong>quoqueropem</strong></span> <span class='ocrx_word' id='word_1_292' title='bbox 981 3319 1185 3394; x_wconf 84' lang='lat' dir='ltr'><strong>terror-oepit,</strong></span> 
     </span>
     <span class='ocr_line' id='line_1_38' title="bbox 200 3399 1227 3478; baseline 0.004 -20"><span class='ocrx_word' id='word_1_293' title='bbox 200 3399 336 3460; x_wconf 89' lang='lat' dir='ltr'><strong>nondum</strong></span> <span class='ocrx_word' id='word_1_294' title='bbox 356 3401 438 3460; x_wconf 85' lang='lat' dir='ltr'><strong>iusto</strong></span> <span class='ocrx_word' id='word_1_295' title='bbox 458 3403 576 3477; x_wconf 86' lang='lat' dir='ltr'><strong>proelio</strong></span> <span class='ocrx_word' id='word_1_296' title='bbox 598 3419 666 3464; x_wconf 90' lang='lat' dir='ltr'><strong>oum</strong></span> <span class='ocrx_word' id='word_1_297' title='bbox 681 3403 827 3464; x_wconf 82' lang='lat' dir='ltr'><strong>Romanis</strong></span> <span class='ocrx_word' id='word_1_298' title='bbox 842 3419 1053 3478; x_wconf 71' lang='lat' dir='ltr'><strong>oongresaumt</strong></span> <span class='ocrx_word' id='word_1_299' title='bbox 1077 3404 1186 3478; x_wconf 87' lang='lat' dir='ltr'><strong>itaque</strong></span> <span class='ocrx_word' id='word_1_300' title='bbox 1226 3435 1227 3442; x_wconf 23' lang='grc' dir='ltr'><strong>κ</strong></span> 
     </span>
     <span class='ocr_line' id='line_1_39' title="bbox 201 3459 1227 3564; baseline 0.005 -23"><span class='ocrx_word' id='word_1_301' title='bbox 201 3490 344 3544; x_wconf 69' lang='lat' dir='ltr'><strong>revocato</strong></span> <span class='ocrx_word' id='word_1_302' title='bbox 365 3484 428 3545; x_wconf 78' lang='lat' dir='ltr'><strong>otto</strong></span> <span class='ocrx_word' id='word_1_303' title='bbox 443 3486 677 3562; x_wconf 73' lang='lat' dir='ltr'><strong>praestemque,</strong></span> <span class='ocrx_word' id='word_1_304' title='bbox 699 3487 783 3562; x_wconf 84' lang='lat' dir='ltr'><strong>quoe</strong></span> <span class='ocrx_word' id='word_1_305' title='bbox 797 3486 826 3545; x_wconf 78' lang='lat' dir='ltr'><strong>tn</strong></span> <span class='ocrx_word' id='word_1_306' title='bbox 842 3487 1186 3564; x_wconf 66' lang='lat' dir='ltr'><strong>roueeusaougonue</strong></span> <span class='ocrx_word' id='word_1_307' title='bbox 1226 3459 1227 3507; x_wconf 64' lang='lat' dir='ltr'><strong>l</strong></span> 
     </span>
    </p>
   </div>
   <div class='ocr_carea' id='block_1_3' title="bbox 1223 3623 1226 3881">
    <p class='ocr_par' dir='ltr' id='par_1_3' title="bbox 1223 3623 1226 3881">
     <span class='ocr_line' id='line_1_40' title="bbox 1225 3623 1226 3646; baseline 0 0"><span class='ocrx_word' id='word_1_308' title='bbox 1225 3623 1226 3646; x_wconf 90' lang='lat' dir='ltr'><strong>l</strong></span> 
     </span>
     <span class='ocr_line' id='line_1_41' title="bbox 1223 3853 1225 3881; baseline 0 0"><span class='ocrx_word' id='word_1_309' title='bbox 1223 3853 1225 3881; x_wconf 79' lang='lat' dir='ltr'><strong>l</strong></span> 
     </span>
    </p>
   </div>
   <div class='ocr_carea' id='block_1_4' title="bbox 0 0 1246 3900">
    <p class='ocr_par' dir='ltr' id='par_1_4' title="bbox 0 0 1246 3900">
     <span class='ocr_line' id='line_1_42' title="bbox 0 0 1246 3900; baseline 0 4"><span class='ocrx_word' id='word_1_310' title='bbox 0 0 1246 3900; x_wconf 95' lang='lat' dir='ltr'><strong> </strong></span> 
     </span>
    </p>
   </div>
  </div>
 </body>
</html>
