2482 3902
288 215 404 278 Llltslt
416 215 549 278 xllxlll.
573 215 656 276 cnr.
671 225 714 277 ιιι.
729 228 774 280 ιι.
796 225 833 292 [ι.
849 225 881 278 c.
897 223 959 298 nst]
1052 221 1112 285 lul

126 374 186 435 bus
206 367 256 431 his
276 367 409 444 aliisque
430 365 498 430 eius
521 383 594 430 orae
615 369 751 432 castellis
771 383 825 434 aut
839 380 922 434 metu
936 383 989 436 aut
1003 377 1112 438 volun·

123 463 188 519 tate
204 451 272 515 sina
287 449 452 514 earmndne
475 451 506 512 in
528 451 715 514 deditionem
737 454 892 532 acceptis,
915 457 1113 521 coracesium

124 546 250 618 praeter
264 551 352 614 spem
366 534 482 598 clausis
497 535 596 611 portis
609 537 733 598 tenebat
747 553 826 599 eum.
863 539 905 600 ibi
920 540 1013 618 legati
1026 541 1111 605 liho-

124 625 247 686 diorum
260 619 365 682 auditi.
389 627 420 681 st
434 633 621 696 quamquam
636 636 674 681 ea
687 620 799 696 legatio
814 631 888 697 erat,
905 641 986 700 quaa
1000 639 1111 687 aceen-

124 709 201 770 dare
214 705 333 782 regium
347 703 482 766 animum
497 711 622 780 posset,
641 704 825 780 temperavit
843 705 922 780 irae,
945 716 976 770 et
989 710 1110 785 legatos

123 808 161 854 se
174 790 318 854 Rhodum
337 786 507 850 missurum
523 787 685 864 respondit
704 788 807 866 iisque
828 791 1057 868 mandaturum,
1076 802 1110 856 ιιι

122 880 312 938 renovarent
323 879 447 934 vetusta
465 869 534 934 iura
548 885 618 934 eum
630 887 668 934 ea
684 871 807 936 civitate
822 890 880 936 sua
896 874 1110 953 maiummque

125 975 263 1035 suorum,
274 965 306 1020 et
316 964 455 1018 vetarent
465 971 522 1019 eos
533 955 752 1034 pertimescere
762 959 929 1021 adventum
939 959 1023 1038 regis
1033 959 1110 1024 nihil

123 1050 177 1106 aut
186 1041 226 1104 iis
237 1049 291 1104 aut
301 1039 397 1104 suciis
412 1057 521 1104 eorum
531 1040 644 1102 noxiae
655 1043 789 1102 initurum
799 1042 948 1106 inaudiva.
964 1061 1036 1106 narn
1046 1046 1111 1107 Ru·

122 1141 285 1190 manorum
295 1123 458 1188 amicitiam
470 1141 505 1188 sa
516 1142 580 1187 non
592 1124 776 1186 violaturum
787 1135 966 1201 argumento
978 1135 1009 1190 at
1020 1143 1107 1189 suam

122 1218 280 1274 maantam
299 1211 340 1272 ad
361 1225 418 1272 eos
438 1209 624 1287 legationem
645 1225 718 1270 essa
740 1217 771 1270 et
792 1217 920 1272 senatus
936 1210 1107 1272 honoribus

122 1297 156 1359 in
171 1313 208 1359 se
222 1297 348 1358 demate
360 1309 593 1372 responsaqusz
616 1301 678 1355 tum
699 1293 779 1355 forte
794 1293 886 1370 legati
899 1295 1056 1356 redierant
1069 1296 1108 1356 ab

120 1384 236 1454 Roma,
258 1378 387 1442 comiter
405 1377 502 1441 auditi
516 1377 716 1454 dimissique,
737 1385 772 1440 ut
785 1385 907 1455 tempus
923 1379 1108 1455 postulabat,

118 1467 239 1528 incerto
255 1461 358 1525 adhue
368 1463 521 1525 adversus
532 1462 705 1539 Philippum
716 1468 830 1525 eventu
843 1462 926 1524 belli.
948 1477 1019 1526 eum
1029 1462 1109 1524 haee

119 1547 215 1626 legati
228 1547 311 1624 regis
325 1547 357 1608 in
372 1546 516 1610 contione
530 1547 721 1609 Rhodiomm
732 1555 868 1624 agerent,
884 1547 1011 1610 nuntius
1024 1545 1109 1608 venit

119 1633 309 1695 debellatum
328 1632 370 1693 ad
384 1631 639 1710 Cynoscephalas
653 1645 735 1694 asse.
777 1631 838 1692 hou
852 1629 960 1694 nuntia
974 1637 1106 1707 aucupto

119 1715 238 1780 Rhodii
258 1717 383 1792 dempto
404 1723 487 1778 matu
501 1731 521 1775 a
534 1713 675 1792 Philippo
692 1714 860 1778 omiserant
875 1713 1038 1778 consilium
1053 1713 1107 1776 ob

119 1801 205 1864 vlmn
225 1799 319 1863 eundi
340 1801 442 1862 elassa
461 1799 632 1861 Antiocho:
657 1799 740 1860 illam
765 1800 891 1862 aiteram
917 1815 1021 1862 amam
1044 1813 1106 1860 nun

120 1885 293 1950 omiserunt
312 1885 448 1946 tuendae
466 1881 614 1946 libertatis
640 1882 808 1945 eivitatium
829 1885 983 1947 sociarum
1006 1881 1105 1945 Ptole·

118 1969 217 2042 niuei,
241 1968 354 2046 quibus
373 1968 486 2030 bellum
501 1968 540 2029 ab
554 1965 708 2030 Antiocho
722 1966 909 2030 imminebat.
944 1983 1016 2029 nam
1029 1965 1107 2028 alias

118 2052 246 2118 auxiliis
259 2052 411 2128 iuvamnt,
427 2051 503 2114 alias
516 2049 709 2129 providendo
721 2067 759 2114 ae
770 2053 1001 2129 praemonendo
1014 2065 1107 2112 euna·

119 2149 172 2204 tus
192 2138 311 2213 bustim
337 2151 496 2216 causaque
515 2135 664 2200 libertatis
685 2138 808 2200 iuemnt
827 2135 951 2200 Cauniis
970 2131 1107 2214 Myndiis

117 2223 451 2287 Halieamassansibus
465 2221 651 2300 Samiisque.
676 2237 739 2286 non
755 2237 871 2299 operae
885 2229 934 2284 est
947 2217 1107 2297 persequi,

118 2317 155 2371 ut
170 2323 316 2386 quaeque
330 2316 399 2370 aeta
413 2307 445 2370 in
458 2306 508 2370 his
524 2306 602 2370 loeis
618 2305 695 2382 sint,
717 2321 787 2370 aum
808 2308 917 2382 adea,
939 2321 1020 2382 quae
1035 2319 1108 2381 pro·

118 2393 192 2470 pria
204 2391 335 2455 Romani
348 2393 421 2455 belli
436 2399 517 2468 sunt,
531 2391 586 2453 vix
601 2391 761 2453 sullieiam.

204 2477 283 2538 XXI.
303 2477 422 2540 Eodem
442 2485 581 2554 tempore
600 2477 722 2537 Attalus
742 2489 812 2550 rex,
834 2489 929 2550 aeger
942 2473 980 2532 ab
994 2470 1108 2532 anobis

119 2563 303 2638 Pergamum
314 2562 472 2636 advectus
485 2561 613 2622 mentun
624 2561 720 2621 altero
732 2565 763 2620 et
774 2556 1004 2633 septuagesimo
1016 2571 1108 2629 anno,

121 2657 194 2708 uum
209 2653 353 2723 quattuor
367 2653 397 2708 st
412 2643 616 2722 quadraginta
629 2655 729 2706 annus
744 2647 916 2717 regnasset.
952 2637 1025 2700 huia
1039 2636 1108 2698 vim

120 2733 246 2809 plaster
260 2729 383 2793 divitias
397 2729 471 2792 nlltll
485 2730 526 2792 ad
540 2741 630 2806 spem
650 2725 737 2804 regni
759 2728 881 2788 lortuna
895 2723 1032 2786 dederat.
1068 2719 1108 2782 lis

121 2817 215 2879 simul
230 2817 397 2894 prudenter
410 2816 500 2876 simul
521 2811 684 2889 magnifiee
704 2811 820 2874 attendo
841 2808 945 2871 effecit
965 2806 1107 2886 primum,

119 2909 156 2964 ιιι
178 2899 253 2974 sibi,
280 2901 395 2962 deinde
415 2908 449 2961 ιιι
468 2898 537 2960 aliis
561 2913 625 2959 non
649 2896 795 2973 indignus
819 2893 977 2956 videretur
999 2906 1108 2970 regno.

119 2984 215 3047 vietis
230 2985 343 3046 deinde
364 2983 482 3060 proella
502 2997 566 3044 uno
581 2981 692 3054 Gallis,
714 2995 795 3058 quae
815 2987 878 3042 turn
898 2995 975 3055 gens
990 2975 1108 3038 recenti

118 3070 261 3134 adventu
282 3067 447 3130 terribilior
466 3066 562 3128 Asiae
582 3073 662 3140 erat,
687 3065 806 3143 regium
830 3063 963 3125 adscivit
986 3075 1109 3132 numen,

120 3151 214 3216 uilius
228 3150 428 3230 magnitudini
443 3163 568 3227 semper
577 3148 711 3211 animum
722 3147 877 3226 aequavit,
893 3161 1013 3208 summa
1022 3139 1109 3204 lusti·

119 3237 166 3302 tia
180 3251 257 3300 suos
270 3237 359 3312 rexit,
374 3236 497 3298 unicam
510 3235 604 3296 tidem
619 3233 715 3296 sociis
730 3230 890 3310 praestitit,
906 3227 1004 3291 comis
1018 3224 1107 3287 uxori

120 3337 161 3386 ae
174 3320 280 3384 liberis
295 3349 338 3367 ω-
352 3327 498 3397 quattuor
513 3315 697 3394 superstites
712 3316 880 3389 habuit,-
894 3311 977 3374 mitis
991 3327 1030 3372 ae
1043 3325 1109 3370 mu-

122 3403 236 3468 nificus
251 3406 359 3468 amicis
375 3403 447 3476 luit;
468 3417 599 3478 regnum
619 3402 700 3463 adeo
723 3397 833 3462 stabile
854 3413 890 3458 aa
905 3397 1027 3456 firmum
1039 3391 1108 3455 reli-

123 3492 199 3570 quit,
213 3500 248 3553 ut
261 3491 303 3552 ad
316 3489 436 3552 tertiam
452 3487 580 3564 stirpem
594 3485 758 3562 possessio
774 3484 840 3544 aius
857 3480 1070 3542 descenderet.
