2482 3902
155 150 156 154 Ν
260 198 376 258 amun
390 198 508 258 xxxa.
532 197 613 258 oar.
628 205 671 260 ea.
685 205 729 260 aa.
752 199 788 276 [a.
802 205 834 258 c.
851 201 912 280 197]
1043 201 1084 266 79

100 361 131 412 et
154 349 348 424 respondere
373 349 482 424 placet
492 355 510 382 “
551 357 687 410 extrema
712 348 779 410 eius
809 349 905 410 oratio
930 352 1084 414 adversus

98 433 246 494 Achaeos
257 431 358 508 luit,in
372 449 433 508 qua
444 448 534 493 orsus
541 433 579 492 ab
587 431 731 508 Antigoni
739 431 878 508 primum,
892 434 957 496 suis
970 435 1083 497 deinde

98 533 176 592 erga
198 524 320 592 gentem
341 531 408 576 eam
428 515 559 589 meritis,
580 513 700 576 recitari
721 517 845 577 decreta
865 533 971 579 eorum
991 518 1082 580 iussit

100 599 204 662 omnis
220 599 342 660 divinos
356 599 569 675 humanosque
583 599 718 660 honores
734 601 910 675 complexa3
926 610 1020 677 atque
1035 601 1082 662 eis

98 683 214 744 adiecit
224 699 335 766 recens
347 684 512 756 decretum,
526 699 586 758 quo
599 683 637 742 ab
650 683 910 744 sedescivissent:
926 685 1080 746 invectus-

99 783 163 842 que
177 765 312 842 graviter
325 766 356 826 in
371 766 531 842 perfidiam
546 783 660 838 eorum,
676 769 778 842 Argos
793 774 894 828 tamen
910 785 945 830 se
959 768 997 829 iis
1011 770 1080 829 red-

98 851 234 912 diturum
256 849 346 922 dlxit3
368 851 407 910 de
429 849 570 910 Corintho
593 866 661 910 cum
675 848 859 925 imperatore
873 853 1011 913 Romano
1028 853 1082 912 de·

98 934 299 994 liberaturum
320 950 406 1003 esse,
436 933 706 1008 quaesiturumque
726 935 765 994 ab
787 951 824 994 eo
851 933 956 1008 simul,
981 943 1082 995 ulrum

96 1017 182 1078 iisne
200 1017 329 1078 urbibus
350 1017 502 1076 decedere
523 1033 558 1076 se
581 1033 713 1091 aequum
729 1025 869 1089 censeat,
897 1035 974 1093 quas
990 1020 1029 1078 ab
1045 1035 1082 1078 se

98 1101 173 1176 ipso
189 1108 295 1176 captas
310 1099 376 1160 iure
390 1099 462 1160 belli
476 1099 596 1173 habeat,
613 1115 651 1158 an
666 1098 705 1160 iis
718 1099 817 1174 etiam,
835 1117 912 1175 quas
927 1119 946 1160 a
960 1100 1079 1162 maiori-

96 1187 160 1245 bus
176 1183 241 1245 suis
254 1183 436 1259 accepisset.

183 1269 305 1328 XXXV.
339 1265 519 1327 Parentibus
541 1265 676 1327 Achaeis
696 1265 880 1341 Aetolisque
906 1266 945 1326 ad
971 1282 1007 1326 ea
1032 1282 1074 1326 re

96 1353 259 1428 spondere
274 1367 343 1411 cum
357 1367 457 1425 prope
473 1365 618 1410 occasum
635 1351 682 1410 sol
702 1357 801 1424 esset,
823 1349 914 1412 dilato
931 1349 1076 1424 inposta

95 1451 167 1496 rum
183 1433 264 1494 diem
279 1433 434 1508 colloquio
449 1433 609 1508 Philippus
624 1433 654 1492 in
671 1432 848 1506 stationem,
870 1450 909 1493 ex
932 1449 992 1508 qua
1008 1447 1077 1507 pro·

96 1519 200 1580 lectus
213 1527 285 1592 erat,
297 1517 426 1578 Romani
438 1516 577 1592 sociique
588 1515 618 1577 in
632 1525 732 1578 castra
742 1516 907 1578 redierunt.
923 1513 1082 1590 Quinctius

94 1611 225 1678 postero
242 1601 292 1662 die
306 1602 346 1661 ad
359 1601 503 1660 Nicaeam
516 1633 559 1644 -
573 1599 600 1660 is
615 1600 696 1663 enim
710 1601 798 1662 locus
814 1601 1026 1676 placuerat-
1040 1599 1080 1659 ad

95 1685 298 1747 constitutum
319 1695 440 1760 tempus
462 1683 560 1744 venit:
585 1684 744 1760 Philippus
759 1685 860 1746 nullus
876 1699 1008 1759 usquam
1023 1697 1080 1743 nec

94 1769 223 1832 nuntius
238 1769 277 1830 ab
292 1784 329 1829 ea
345 1785 402 1844 per
415 1766 532 1842 aliquot
546 1767 639 1828 horas
658 1767 815 1839 veniebat;
837 1776 867 1828 et
887 1767 946 1828 iam
968 1767 1079 1842 despe-

93 1851 237 1914 rantibus
249 1860 411 1913 venturum
421 1859 549 1926 repente
563 1858 772 1926 apparuerunt
783 1868 890 1911 naves.
905 1859 998 1926 atque
1011 1849 1081 1925 ipse

94 1935 225 2014 quiden,
241 1953 310 1998 curn
324 1944 384 1998 tam
399 1935 505 2012 gravia
519 1942 550 1995 et
563 1933 689 2010 indigna
702 1933 939 2010 imperarentur,
954 1933 1080 2008 inopem

93 2019 221 2082 consilii
233 2019 313 2081 diem
326 2017 560 2094 consumpsisse
571 2018 768 2079 deliberando
780 2015 896 2078 aiebat:
907 2018 1001 2092 vulgo
1015 2031 1079 2075 cre·

93 2105 213 2166 debant
227 2105 266 2165 de
281 2102 430 2164 industria
444 2119 509 2162 rem
523 2102 553 2160 in
566 2119 668 2162 serum
679 2109 814 2176 tractam,
829 2117 868 2162 ne
879 2109 1001 2176 tempus
1015 2097 1079 2159 dari

91 2195 210 2265 posset
233 2187 368 2248 Achaeis
392 2185 574 2260 Aetolisque
594 2187 633 2246 ad
654 2185 916 2260 respondendum.
960 2192 991 2244 et
1011 2199 1079 2244 eam

92 2270 277 2348 opinionem
291 2271 361 2348 ipse
375 2269 547 2330 adfirmavit
561 2271 705 2344 petendo,
721 2277 755 2331 ut
769 2267 930 2331 summotis
945 2266 1024 2341 aliis,
1040 2283 1081 2326 ne

91 2366 221 2432 tempus
236 2353 412 2418 altercando
427 2361 576 2414 tereretur
590 2361 620 2413 et
630 2352 724 2429 aliqui
737 2353 806 2413 finis
818 2351 863 2412 rei
876 2350 993 2427 imponi
1005 2367 1078 2426 pos-

92 2448 151 2514 set,
169 2455 241 2500 cum
255 2437 325 2514 ipso
339 2437 524 2514 imperatore
536 2439 676 2498 Romano
690 2435 797 2497 liceret
812 2435 870 2496 sibi
886 2433 1031 2509 colloqui.
1047 2432 1078 2491 id

91 2523 197 2600 primo
213 2539 276 2584 non
291 2529 461 2598 acceptum,
477 2537 515 2581 ne
530 2520 651 2581 excludi
664 2519 820 2594 colloquio
837 2517 1013 2578 viderentur
1028 2532 1078 2575 so-

92 2607 148 2680 cii;
167 2606 240 2669 dein
256 2623 326 2668 cum
340 2606 422 2666 haud
437 2603 602 2665 absisteret
615 2612 731 2679 petere,
747 2619 787 2662 ex
802 2600 936 2662 omnium
947 2597 1078 2660 consilio

90 2694 255 2753 Romanas
281 2690 448 2766 imperator
472 2703 541 2748 cum
565 2690 624 2763 Ap.
651 2685 778 2746 Claudio
803 2684 925 2746 tribuno
951 2681 1078 2743 militum

91 2774 208 2837 ceteris
230 2772 390 2835 summotis
408 2773 449 2833 ad
464 2779 632 2834 extremum
651 2769 722 2831 litus
743 2767 910 2844 processit:
931 2783 987 2827 rex
1010 2782 1078 2826 cum

91 2860 221 2920 duobus
244 2874 324 2934 quos
345 2856 445 2933 pridie
469 2854 649 2917 adhibuerat
668 2853 698 2914 in
720 2861 832 2914 terram
852 2859 900 2913 est
919 2866 1077 2927 egressus.

90 2941 143 3004 ibi·
153 2959 225 3004 cum
240 2941 429 3018 aliquamdiu
445 2947 564 3002 secreto
580 2938 674 3000 loculi
689 2945 809 3012 essent,
832 2953 912 3012 quae
927 2943 996 2996 acta
1009 2932 1077 2992 Phi·

90 3026 199 3104 lippus
215 3027 255 3086 ad
267 3042 343 3086 suos
357 3023 513 3098 rettulerit,
525 3022 626 3084 minus
638 3029 826 3098 compertum
839 3028 895 3081 est.
918 3016 1078 3092 Quinctius

89 3111 172 3172 haee
186 3109 302 3172 rettulit
316 3109 355 3169 ad
371 3107 491 3181 socios,
511 3107 658 3168 Romanis
674 3123 744 3166 eum
759 3107 871 3166 cedere
885 3111 949 3164 tota
963 3098 1077 3178 lllyrici

83 3212 165 3270 ora,
187 3193 334 3270 perfugas
349 3191 503 3254 remittere
518 3207 554 3251 ac
570 3190 595 3252 si
613 3189 664 3266 qui
680 3189 741 3250 sint
756 3187 883 3264 captivi:
904 3185 1006 3246 Attalo
1022 3199 1075 3241 na-

88 3295 150 3340 ves
172 3286 203 3340 el
218 3293 288 3339 cum
303 3275 341 3338 iis
357 3284 466 3352 captos
485 3274 603 3335 navalis
625 3273 745 3344 socios;
767 3270 897 3334 Rhodiis
917 3265 1075 3342 regionem

89 3379 187 3438 quarn
201 3361 338 3424 Peraean
353 3367 466 3420 vocant
479 3359 619 3430 reddere,
635 3359 705 3418 Iaso
719 3363 750 3417 et
760 3351 911 3430 Bargyliis
927 3365 989 3410 non
1006 3365 1075 3409 ces-

89 3463 217 3516 surum;
243 3443 363 3506 Aetolis
378 3443 554 3502 Pharsalum
568 3440 767 3514 Larisamque
788 3437 932 3508 reddere,
946 3433 1074 3494 ‘Thebas
