2480 3904
161 219 223 284 aaa
305 215 565 278 nmsnxxxvr.
589 214 783 279 curnam
805 213 991 292 [euasi]

162 386 287 448 quoque
307 369 450 444 egregins
471 369 576 428 titrrlus
591 375 690 441 esset,
711 366 870 426 liberatam
885 365 1058 441 anilippo
1073 372 1146 426 ante

142 483 145 490 ¹
160 470 242 516 nuno
257 454 296 514 ab
310 453 429 513 Aetolis
444 459 474 512 et
488 452 527 512 ab
538 451 691 514 Antiocho
705 450 845 525 liberare,
861 465 965 525 oeque
978 465 1017 509 ea
1029 457 1147 510 tantum

159 541 190 600 in
205 535 374 614 praemium
388 542 524 596 vestrum
539 549 675 610 oessura,
691 549 771 610 quae
785 549 867 594 nuno
881 535 911 594 in
925 533 1021 609 regiis
1035 535 1147 595 castris

161 629 248 691 sunt;
270 621 424 682 sedilium
440 635 565 696 quoque
579 633 699 681 omnem
716 625 895 694 apparatum
910 619 963 693 qui
977 617 1012 676 ia
1024 617 1091 677 dias
1106 617 1147 676 ab

159 707 285 782 Epheso
300 709 505 779 exspectatur,
528 704 664 779 praedae
679 703 821 776 lotarum,
836 703 944 762 Asiam
958 701 1072 761 deinde
1085 701 1148 778 Sy·

159 789 300 864 riamqua
321 795 352 850 et
371 785 474 849 omnia
492 803 595 864 usque
614 788 655 848 ad
677 793 763 848 ortas
784 784 860 847 solis
881 784 1034 845 ditissima
1049 799 1150 859 regna

160 873 290 950 imperio
304 872 445 934 Romano
467 876 638 948 aperturos.
677 869 751 946 quid
765 869 878 931 deinde
892 867 1000 942 aberit,
1015 868 1089 944 quio
1109 869 1150 927 ab

161 956 299 1020 Gadibus
320 956 361 1017 ad
380 971 465 1016 mare
483 955 610 1017 rubrum
626 953 749 1016 Oceano
768 953 839 1016 linis
853 951 1068 1026 terminemus,
1093 951 1150 1028 qui

161 1041 267 1104 orbem
287 1048 444 1102 terrarum·
454 1041 600 1116 amplexu
614 1038 693 1111 finit,
716 1045 746 1099 et
760 1053 850 1099 omne
864 1037 1032 1098 humanum
1046 1053 1151 1112 genus

161 1126 333 1188 secundum
344 1126 421 1186 deos
433 1124 722 1186 nomeaRomanum
733 1127 917 1183 veneraturi
930 1119 962 1181 in
973 1121 1052 1181 baeo
1064 1127 1152 1180 tanta

161 1208 299 1288 praemia
313 1209 424 1285 dignos
435 1215 543 1285 parate
553 1207 682 1282 animos,
695 1213 730 1266 ut
740 1204 874 1268 crastino
886 1204 937 1265 die
947 1205 1027 1265 bene
1038 1205 1151 1265 iuvan-

49 1355 57 1366 ,
162 1293 243 1356 tibus
259 1293 318 1354 diis
334 1293 400 1354 aoie
416 1293 648 1354 deoemamus.“

246 1378 355 1439 xvlll.
383 1377 432 1437 Ab
449 1377 508 1437 hae
523 1374 666 1437 contione
680 1372 800 1435 dimissi
814 1371 944 1448 milites,
965 1373 1152 1450 priusquam

164 1477 296 1537 corpora
311 1467 461 1532 annuant,
477 1476 561 1519 arma
575 1461 635 1519 tela
649 1465 767 1534 parant.
788 1457 858 1518 luae
872 1455 972 1532 prima
986 1457 1074 1530 signo
1092 1473 1151 1530 pu·

164 1562 243 1621 gnae
257 1541 419 1621 proposito
434 1541 556 1603 insanit
571 1542 668 1603 aoiem
683 1541 807 1616 oonstrl,
828 1549 894 1602 arta
907 1541 1023 1616 fronte,
1039 1540 1078 1602 ad
1096 1555 1152 1598 ua·

164 1637 261 1689 turam
276 1635 307 1688 et
320 1627 478 1702 angustias
490 1624 559 1687 loci.
582 1641 638 1686 rex
648 1634 815 1702 postquam
826 1623 915 1700 signa
924 1623 1062 1687 bostium
1073 1639 1152 1684 con-

164 1711 277 1786 spexit,
292 1712 404 1786 etipse
419 1711 526 1785 copias
539 1709 650 1770 educit.
672 1710 750 1772 levis
762 1718 935 1770 annaturae
946 1717 1066 1786 partem
1078 1715 1154 1768 ante

163 1795 275 1855 vallum
297 1793 328 1854 in
352 1795 449 1869 primo
471 1794 599 1866 looavit,
626 1801 688 1855 tum
707 1793 914 1854 Macedonum
933 1793 1045 1866 robur,
1067 1807 1154 1868 quos

165 1877 384 1954 sarisophoros
398 1879 610 1954 appellabant,
627 1879 712 1940 velut
725 1879 948 1939 firmamentum
963 1876 1047 1936 caea
1061 1876 1153 1952 ipsas

157 1962 350 2024 ‚munitiones
372 1961 536 2024 constituit.
570 1962 618 2022 his
639 1963 678 2022 ab
693 1961 818 2024 sinistro
835 1977 932 2022 cornu
945 1960 1153 2022 iaculatorum

165 2045 450 2122 sagittariorumque
471 2055 501 2107 et
516 2047 702 2106 funditorum
722 2062 845 2106 manum
866 2046 924 2106 sub
944 2043 1023 2120 ipsis
1038 2043 1153 2104 radici·

165 2131 223 2191 bus
237 2131 350 2191 montis
364 2129 483 2205 posuit,
498 2136 532 2189 ut
545 2143 586 2189 ex
599 2127 707 2190 altiore
722 2129 791 2192 looo
807 2131 891 2191 nuda
904 2130 1001 2190 latera
1013 2126 1155 2188 hostium

165 2215 365 2274 incesserent.
392 2212 430 2272 ab
446 2213 555 2272 dextro
569 2212 792 2275 lllaoedonibus
806 2213 846 2273 ‘ad
861 2212 964 2288 ipsum
978 2211 1155 2272 munimen-

165 2304 265 2357 torum
279 2297 387 2369 finem,
409 2311 470 2370 qua
484 2297 554 2356 loca
567 2312 668 2372 usque
682 2297 722 2356 ad
736 2313 819 2357 mare
834 2295 918 2357 invia
931 2294 1065 2372 palustri
1079 2294 1156 2356 limo

166 2387 197 2440 et
210 2378 409 2455 voraginibus
426 2380 585 2452 claudunt,
602 2381 783 2456 elephantos
798 2397 868 2442 oum
883 2381 1015 2441 adsueto
1031 2377 1155 2455 praesi-

167 2463 217 2524 dio
233 2463 346 2540 posuit,
362 2471 434 2540 post
445 2479 500 2525 eos
514 2464 644 2540 equites,
659 2473 722 2525 tum
734 2464 856 2526 modico
868 2463 1030 2526 intervallo
1043 2463 1156 2524 relioto

167 2555 287 2611 ueteres
302 2549 410 2624 copias
424 2548 456 2609 in
472 2549 610 2610 secunda
623 2547 699 2609 acie.
730 2548 919 2610 Macedones
934 2565 992 2624 pro
1006 2549 1093 2608 vallo
1109 2548 1154 2606 lo·

168 2633 225 2692 oali
235 2633 334 2708 primo
347 2633 438 2694 laoile
450 2633 642 2694 sustinebant
648 2633 814 2706 Romanos,
826 2631 1004 2708 temptantis
1015 2632 1056 2692 ab
1069 2627 1156 2692 omni

167 2724 254 2789 parte
271 2715 387 2790 aditus,
409 2719 535 2778 multum
549 2715 765 2780 adiuvantibus
781 2715 834 2792 qui
849 2733 889 2778 ex
902 2718 973 2778 looo
989 2714 1156 2792 superiore

168 2796 271 2860 lundis
292 2801 376 2860 velut
396 2800 531 2860 nimbum
552 2799 673 2874 glandis
694 2809 725 2862 et
745 2801 872 2877 sagittas
895 2800 985 2862 simul
999 2815 1038 2860 ao
1052 2799 1156 2860 iacula

166 2881 354 2955 ingerebant.
388 2882 500 2944 deinde
521 2890 554 2944 ut
574 2884 671 2946 maior
691 2901 750 2946 neo
770 2886 830 2945 iarn
850 2884 1012 2946 toleranda
1032 2881 1084 2944 vis
1098 2881 1154 2942 lto·

168 2964 259 3025 stium
279 2965 431 3028 interebat
444 2983 493 3041 se,
514 2967 596 3043 pulsi
610 2969 680 3029 loeo
696 2970 774 3029 intra
786 2969 974 3029 monimenta
988 2965 1155 3028 subductis

168 3045 327 3112 ordinibus
342 3060 578 3114 concesserunt:
600 3051 673 3114 inde
687 3069 726 3113 ex
741 3053 821 3113 vallo
833 3068 932 3128 prope
947 3053 1080 3112 alterum
1089 3051 1155 3109 val-

168 3135 230 3194 lum
251 3133 348 3197 hastis
369 3151 444 3211 prae
465 3153 500 3198 se
522 3135 650 3198 obiectis
672 3137 819 3198 lecerunt.
848 3143 879 3198 et
892 3135 934 3198 ita
948 3133 1074 3196 modica
1088 3131 1155 3194 alti-

168 3219 242 3280 tudo
265 3219 337 3280 valli
358 3229 436 3294 erat,
458 3229 491 3282 ut
505 3227 536 3282 et
549 3222 650 3282 locum
669 3218 860 3295 superiorem
875 3221 941 3282 suis
955 3219 997 3279 ad
1009 3233 1154 3293 pugnae»

170 3303 242 3362 dum
263 3305 438 3380 praeberet,
461 3313 491 3367 et
510 3312 639 3381 propter
659 3301 879 3380 longitudinem
898 3303 1058 3364 hastarum
1081 3299 1140 3362 sub

169 3381 281 3445 iactum
302 3387 429 3449 haberet
450 3389 580 3450 bostem.
616 3387 702 3450 multi
723 3395 838 3449 temere
853 3387 1024 3449 subeuntes
1039 3385 1154 3445 vallum

170 3468 309 3527 transfixi
324 3473 410 3542 sunu
432 3478 463 3531 et
474 3478 526 3531 aut
536 3469 658 3547 incepto
669 3469 752 3532 irrito
763 3469 971 3532 recessissent
981 3477 1036 3530 aut
1046 3470 1152 3544 plures
