2482 3902
139 217 199 282 132
286 217 401 279 LIBER
415 217 548 278 XXXIV.
572 213 654 276 CAP.
669 221 695 277 6.
710 221 737 277 i.
760 219 797 288 [a.
812 217 847 272 U.
864 235 888 278 c.
905 217 967 278 557]

134 370 215 447 tatis,
230 378 261 433 et
275 369 348 447 quia
360 367 495 431 omnium
506 367 695 444 privatorum
708 367 859 444 pecuniae
872 367 903 428 in
915 383 1007 430 usum
1019 369 1121 446 publi-

136 473 206 520 cum
226 453 392 516 vertendae
413 460 514 526 erant,
540 451 631 513 istam
651 453 752 528 legem
773 450 956 528 scripsisse,
982 459 1046 515 tarn
1067 454 1122 516 diu

136 555 311 602 mansuram
327 553 420 614 quam
439 535 493 598 diu
515 552 616 598 causo
631 535 815 598 scribendae
836 535 914 612 legis
932 535 1123 601 mansbseta
1237 561 1238 578 r

135 641 205 686 nam
219 622 248 685 si
263 638 343 699 quae
358 630 431 683 tunc
446 619 594 696 temporis
607 635 704 684 eausa
713 627 767 682 aut
778 619 915 682 decrevit
927 629 1055 684 senatus
1070 631 1123 684 aut

136 708 270 786 populus
285 705 391 780 iussit,
413 704 444 765 in
459 713 644 782 perpetuum
659 703 778 766 servari
795 712 933 780 oportet,
955 721 1011 768 cnr
1026 721 1122 782 pecu-

136 791 203 853 nias
216 790 375 852 reddimus
390 788 541 866 privatis?
555 805 610 850 cur
623 787 749 864 publica
760 787 916 864 praesenti
927 789 1063 866 pecunia
1077 791 1123 853 lo-

136 881 264 938 camus?
286 891 342 936 cnr
356 872 438 936 servi
455 872 507 950 qui
521 871 650 935 militent
663 889 725 934 non
746 880 909 936 emuntur?
934 889 991 935 cur
1009 872 1124 951 privati

135 976 197 1021 non
212 958 321 1021 damus
336 957 479 1034 remiges,
495 956 575 1020 sicut
588 966 662 1020 tunc
677 956 840 1019 dedimusa
865 955 932 1018 Vll.
948 973 1058 1020 omnes
1071 958 1124 1019 alii
1238 987 1239 1040 ,

136 1043 276 1117 ordines,
298 1059 406 1104 omnes
422 1041 564 1104 homines
578 1041 777 1104 mutationem
789 1040 821 1102 in
836 1040 993 1104 meliorem
1009 1051 1123 1105 statum

135 1127 181 1188 rei
195 1126 338 1204 publicae
353 1126 500 1188 sentient=
516 1127 557 1187 ad
568 1125 717 1205 coniuges
728 1134 844 1188 tantum
855 1135 978 1189 nostras
990 1126 1080 1206 pacis
1091 1137 1125 1190 et
1238 1121 1239 1180 ἶ

137 1210 362 1287 tranquillitatis
383 1209 526 1288 publicae
551 1211 669 1273 fructus
691 1227 753 1272 non
779 1209 960 1288 perveniam
981 1228 1125 1290 purpura

137 1294 194 1358 viri
208 1303 342 1368 utemur,
364 1293 547 1373 praetextati
561 1293 593 1356 in
607 1294 849 1372 magistratibus,
872 1294 904 1356 in
919 1294 1121 1368 sacerdodis3

136 1379 223 1442 liberi
238 1378 335 1442 nostri
349 1379 518 1456 praetextis
533 1396 671 1456 purpura
684 1379 764 1456 togis
779 1387 916 1451 utentum
937 1379 1123 1458 magistrati-

136 1466 195 1526 bus
211 1463 241 1523 in
257 1463 387 1525 coloniis
407 1462 661 1540 municipiisque,
687 1463 737 1524 hio
757 1465 875 1525 Romae
894 1462 999 1527 infimo
1015 1463 1125 1542 generi

136 1547 290 1625 magistris
304 1547 444 1610 vicorum
458 1557 549 1625 togae
563 1555 742 1624 praetextae
757 1547 918 1610 habendae
932 1547 982 1610 ius
996 1547 1123 1625 permit·

136 1643 252 1706 temus;
267 1649 326 1694 nec
340 1633 373 1693 id
387 1641 421 1694 ut
433 1633 497 1693 vivi
513 1633 613 1694 solum
627 1633 761 1694 habeant
773 1640 890 1694 tantum
903 1631 1040 1709 insigne,
1063 1633 1124 1694 sed
1239 1671 1240 1674 =

136 1716 228 1780 etiam
241 1726 275 1780 ut
289 1734 359 1780 cum
371 1735 409 1779 eo
422 1725 595 1778 crementur
604 1714 731 1778 mortui:
747 1715 869 1778 leminis
880 1718 1038 1778 dumtaxat
1048 1734 1123 1793 pur-
1239 1727 1240 1732 ’

137 1819 232 1882 purae
246 1819 305 1864 usu
319 1801 560 1864 interdicemus?
584 1809 615 1862 et
635 1817 705 1862 cum
721 1799 775 1862 tibi
797 1799 862 1862 viro
877 1800 969 1864 liceat
983 1817 1124 1878 purpura

137 1885 167 1948 in
174 1894 263 1948 veste
275 1889 411 1964 stragula
416 1886 470 1959 nti,
478 1894 604 1949 matrem
616 1885 748 1946 familiae
761 1893 842 1946 tuam
852 1901 1039 1962 purpureum
1046 1884 1123 1946 ami-

138 1973 240 2033 culum
254 1971 368 2033 habere
382 1989 444 2032 non
457 1971 556 2046 sinas,
574 1978 605 2032 et
618 1985 719 2048 equus
734 1978 805 2032 tuus
821 1969 995 2046 speciosius
1010 1969 1123 2031 instra-

136 2064 187 2118 tus
202 2053 260 2117 erit
274 2073 365 2132 quam
381 2071 460 2117 uxor
473 2054 606 2117 vestitae
630 2054 732 2117 sedin
749 2071 902 2131 purpura,
919 2070 1000 2130 quae
1014 2052 1125 2116 teritur

137 2138 321 2212 absumitur,
342 2138 485 2201 iniustam
501 2139 640 2216 quidem,
656 2139 714 2200 sed
727 2138 862 2215 aliquam
877 2147 978 2201 tamen
992 2154 1124 2201 eausam

137 2221 309 2285 tenacitatis
323 2221 432 2284 video:
454 2223 484 2282 in
501 2237 679 2296 amovere,
696 2221 727 2283 in
743 2241 805 2299 quo
821 2232 943 2300 praeter
956 2239 1111 2300 manupre

138 2305 212 2370 tium
219 2304 294 2367 nihil
306 2305 515 2369 intertrimenti
523 2308 565 2380 fit,
579 2323 659 2383 quae
670 2307 843 2384 malignitas
851 2315 920 2370 estt
932 2306 1126 2385 praesidium

137 2390 241 2469 potius
255 2389 287 2452 in
301 2407 339 2452 eo
354 2399 402 2454 est
416 2392 501 2454 etad
515 2391 653 2468 privatos
668 2392 753 2453 etad
766 2391 910 2469 publicos
924 2409 1018 2467 usus,
1040 2390 1126 2456 sicut

137 2473 257 2553 experti
272 2475 357 2538 estis.
394 2476 508 2538 nullam
528 2475 762 2539 aemulationem
776 2475 855 2538 inter
870 2493 905 2538 se
920 2476 1124 2555 singularum,

138 2559 284 2637 quoniam
297 2563 381 2622 nulla
396 2560 538 2636 haberet,
553 2577 626 2624 esse
640 2559 750 2623 aiebat.
781 2569 812 2622 at
825 2561 951 2622 hercule
964 2560 1124 2625 universis

137 2646 227 2708 dolor
241 2653 272 2706 ct
285 2644 454 2722 indignatio
467 2654 524 2722 est,
539 2663 609 2709 cum
621 2643 777 2710 sociorum
787 2644 886 2708 Latini
897 2645 1031 2709 nominis
1043 2663 1124 2709 uxo·

137 2730 222 2790 ribus
236 2729 343 2791 vident
357 2747 396 2790 ea
410 2746 563 2792 concessa
578 2739 771 2804 ornamenta,
795 2747 876 2808 quae
896 2729 956 2793 sibi
976 2731 1125 2806 adempta

137 2812 213 2879 sint;
235 2828 305 2874 cum
325 2812 456 2890 insignis
478 2831 532 2875 aas
555 2831 628 2875 esse
646 2831 722 2876 auro
737 2823 768 2878 et
782 2831 939 2891 purpura3
967 2833 1037 2878 cum
1050 2814 1123 2877 illas

136 2893 208 2958 vehi
221 2911 279 2970 per
292 2897 414 2973 urbem,
437 2913 473 2958 se
486 2897 620 2972 pedibus
642 2898 748 2976 sequi,
774 2907 929 2976 tamquam
950 2901 981 2961 in
1000 2900 1124 2962 illarum

94 3016 96 3020 .
137 2977 321 3054 civitatibus,
337 2996 400 3041 non
415 2980 445 3042 in
461 2997 518 3042 sua
532 2980 693 3058 imperium
705 2983 753 3046 sit.
775 2983 912 3046 virorum
926 2987 986 3047 hoc
1000 2983 1123 3046 animos

137 3063 299 3124 vulnerare
323 3073 445 3140 posset:
476 3065 550 3141 quid
576 3065 822 3130 mulierculanmr
851 3070 1007 3145 censetiS,
1041 3085 1123 3146 quas

136 3146 228 3210 etiam
242 3163 340 3223 parva
353 3156 499 3212 moventi
513 3167 575 3212 non
590 3151 786 3228 magistratus
799 3171 858 3215 nec
872 3154 1047 3217 sacerdotia
1061 3169 1123 3215 nec

137 3231 280 3310 triumphi
294 3249 352 3294 nec
366 3231 499 3310 insignia
512 3251 570 3297 neo
585 3236 669 3297 dona
681 3245 735 3298 aut
748 3236 850 3314 spolia
862 3239 975 3302 bellica
988 3238 1027 3300 iis
1045 3254 1122 3300 con·

136 3315 254 3393 tingere
267 3325 416 3392 possunt:
437 3318 605 3404 munditiae
620 3329 651 3382 et
665 3330 792 3385 ornatus
807 3331 839 3384 et
852 3326 968 3399 cultus,
982 3323 1060 3385 haec
1075 3323 1123 3384 ie-

135 3397 285 3461 minarum
298 3401 432 3478 insignia
446 3411 533 3476 sunt;
560 3403 609 3466 his
630 3407 765 3481 gaudent
785 3415 816 3469 et
832 3407 1015 3483 gloriantur,
1036 3408 1122 3468 hunc

135 3485 283 3547 mundum
292 3485 471 3549 muliebrem
480 3489 674 3566 appellarunt
684 3490 817 3554 maiores
828 3491 934 3554 nostri.
951 3489 1026 3570 quid
1035 3491 1121 3554 abuti
