2480 3904
200 219 263 284 258
335 219 450 280 LIBER
462 219 596 280 xxxvl.
619 217 701 278 CAP-
716 225 759 280 bb·
774 225 820 278 44.
842 222 880 288 [a.
895 219 929 272 U.
944 237 969 273 c.
982 220 1045 286 stt]

200 375 331 432 classem
345 387 415 442 rex,
438 372 584 446 quianon
600 369 796 432 interfuturus
811 369 912 430 nauali
927 369 1082 430 certamini
1098 379 1173 443 erat,

200 455 386 529 Magnesiam
407 469 487 530 quae
507 455 548 514 ad
563 453 704 529 Sipylum
723 460 772 514 est
790 453 946 514 concessit
963 451 1005 512 ad
1018 453 1175 514 terrestris

199 538 306 613 copias
327 537 560 612 comparandas.
593 538 703 598 classis
721 536 762 596 ad
777 535 947 598 Cissuntem
961 542 1085 612 portum
1098 536 1172 613 Ery·

197 623 381 694 tbraeorum,
394 628 547 695 umquam
562 619 603 680 ibi
618 621 719 695 aptius
730 625 945 694 exspectatura
954 618 1087 692 bostem,
1103 634 1172 680 con-

199 703 301 765 tendit.
333 704 476 776 Romani,
496 703 549 762 ubi
565 701 695 778 primum
709 702 923 778 aquilones-
933 701 953 762 ii
969 717 1107 778 namque
1121 717 1175 777 per

197 789 314 863 aliquot
337 786 404 846 dies
430 793 591 846 tenuerant
604 819 645 830 -
659 785 851 858 ceciderunt,
878 785 916 844 ab
940 785 1016 846 Delo
1043 784 1174 858 Phanas,

198 877 319 946 portum
333 869 475 932 cbiorum
489 869 519 928 in
532 871 691 944 Aegaeum
706 884 789 928 mare
807 882 941 942 versum,
956 875 1083 943 petunt;
1105 867 1175 928 iude

198 954 237 1012 ad
251 952 358 1012 urbem
372 953 580 1027 circumegere
593 968 697 1024 naves,
714 959 946 1026 commeatuque
959 958 1087 1026 sumpto
1098 949 1173 1012 Pho

198 1051 302 1098 caeam
317 1033 466 1098 traiciunt
494 1035 646 1096 Eumenes
660 1035 783 1096 Elaeam
797 1035 839 1096 ad
852 1051 939 1102 suam
954 1037 1093 1096 classem
1107 1050 1172 1110 pro·

199 1121 312 1193 iectus,
334 1120 441 1194 paucis
462 1126 534 1195 post
551 1119 622 1180 inde
643 1119 751 1180 diebus
773 1133 842 1178 cum
862 1126 1003 1192 quotuor
1022 1124 1056 1177 et
1069 1116 1176 1194 viginti

198 1203 327 1264 navibus
348 1205 451 1276 tectis,
472 1203 586 1278 apertis
608 1202 745 1278 pluribus
760 1202 852 1276 paulo
871 1201 1046 1262 aPhocaca
1060 1201 1105 1262 ad
1118 1202 1174 1261 Ro·

198 1303 305 1348 manos
327 1287 463 1361 parantis
477 1285 717 1360 instruentisque
731 1301 766 1344 se
781 1285 821 1344 ad
835 1286 943 1346 navale
956 1291 1119 1344 certamen
1131 1300 1174 1344 re

198 1371 261 1430 diit.
292 1370 364 1429 inde
384 1377 505 1430 centum
526 1370 662 1444 quinque
676 1369 763 1428 tectis
778 1369 922 1438 navibus,
944 1369 1062 1444 apertis
1084 1369 1175 1428 lermc

198 1451 419 1528 quinquaginta
431 1453 570 1527 proiecti,
585 1453 683 1527 primo
698 1451 892 1526 aquilonibus
906 1451 1099 1512 transversis
1111 1465 1175 1512 cmo

197 1543 377 1610 urgerentur
396 1535 427 1594 in
448 1542 574 1608 terram,
597 1536 784 1608 cogebantur
799 1535 881 1596 tenui
895 1535 1015 1609 agmine
1031 1550 1135 1610 prope
1148 1535 1174 1592 in

198 1620 336 1678 ordinem
357 1618 496 1691 singulae
516 1633 611 1678 naves
631 1619 691 1688 ire;
721 1617 832 1678 deinde
851 1624 885 1679 ut
902 1618 996 1678 lenita
1017 1617 1175 1694 paululum

196 1703 243 1760 vis
264 1700 345 1760 venti
365 1707 426 1774 est,
449 1701 488 1761 ad
503 1701 652 1778 corycum
668 1710 802 1777 portum,
825 1703 878 1776 qui
892 1716 987 1777 super
1002 1701 1174 1762 Cissuntem

196 1791 258 1856 est,
280 1784 380 1844 conati
395 1790 467 1846 sunt
479 1785 615 1846 traicere.
647 1785 750 1846 XLIV.
771 1784 994 1862 Polyxenidas,
1013 1792 1048 1845 ut
1061 1799 1172 1861 appro

197 1867 346 1941 pinquare
365 1867 464 1930 bostis
484 1868 618 1929 adlatum
638 1876 699 1942 est,
722 1869 886 1930 occasione
902 1868 1060 1944 pugnandi
1079 1869 1173 1929 iaetus

196 1949 352 2012 sinistrum
372 1951 441 2026 ipse
461 1967 558 2013 cornu
578 1953 608 2011 in
629 1955 720 2013 altum
741 1953 891 2025 extendit,
916 1952 1057 2012 dextnrm
1082 1966 1174 2012 comu

195 2036 369 2109 praelectas
391 2034 513 2097 navium
535 2036 575 2094 ad
597 2043 706 2096 terram
727 2036 882 2110 explicare
901 2035 1001 2109 iubet,
1023 2041 1054 2096 et
1077 2049 1174 2108 aequa

195 2119 294 2178 fronte
308 2120 348 2178 ad
369 2133 502 2192 pugnam
523 2119 719 2192 procedebat.
751 2120 835 2194 quod
849 2119 902 2178 ubi
915 2117 991 2179 vidit
1003 2119 1173 2190 Romanus,

193 2202 264 2260 vela
275 2200 425 2260 contrabit
435 2202 595 2276 malosque
606 2201 737 2276 inclinat,
752 2209 783 2262 et
793 2203 882 2263 simul
893 2207 1083 2262 armamenta
1095 2215 1173 2262 com·

193 2297 315 2358 ponens
338 2283 496 2358 opperitur
515 2283 705 2359 insequentis
726 2284 824 2346 navis.
857 2287 916 2346 iam
937 2285 1034 2346 ferme
1051 2283 1174 2358 triginta

193 2367 225 2425 in
240 2366 340 2428 ironte
354 2372 455 2438 erant,
479 2365 591 2442 quibus
607 2374 642 2430 ut
655 2376 802 2444 aequaret
814 2370 936 2432 laevum
950 2385 1064 2444 cornu,
1088 2367 1172 2428 dolo-

194 2449 284 2512 nibus
299 2451 409 2512 erectis
423 2451 516 2510 altum
527 2458 631 2526 petere
642 2451 776 2522 intendit,
792 2452 887 2513 iussis
900 2453 953 2527 qui
964 2452 1173 2530 sequebantur

195 2534 345 2596 adversus
371 2535 512 2595 dextrum
532 2549 628 2596 cornu
649 2551 747 2610 prope
767 2539 878 2596 terram
897 2552 1008 2616 proras
1029 2536 1172 2611 dirigere.
1227 2603 1228 2606 Ἴ

193 2616 346 2678 Eumenes
372 2631 480 2692 agmen
506 2618 643 2693 cogebat.
679 2625 812 2680 ceterum
836 2626 870 2679 ut
890 2619 1050 2680 demendis
1075 2635 1171 2680 urma-

194 2699 303 2760 mcntis
323 2701 495 2762 tumultuari
515 2701 645 2775 primum
664 2709 806 2777 coeptum
824 2709 885 2776 est,
908 2703 1035 2778 etipse,
1058 2709 1172 2778 quanta

194 2781 325 2841 maxima
339 2784 491 2842 celeritate
505 2791 615 2858 potest,
631 2784 763 2846 concitat
775 2799 880 2846 naves.
908 2786 969 2846 iam
983 2783 1128 2848 omnibus
1142 2785 1170 2843 in

194 2870 363 2938 conspectu
383 2871 477 2924 erant
510 2866 591 2926 duae
604 2867 737 2930 Punicae
755 2883 851 2928 naves
872 2869 1097 2929 antecedebant
1111 2869 1170 2928 Ro

194 2959 314 3005 manum
329 2947 469 3020 classem,
486 2949 597 3021 quibus
613 2949 723 3012 obviae
737 2959 799 3012 tres
814 2951 936 3012 luerunt
948 2951 1053 3027 regiae
1064 2967 1168 3014 naves.

193 3036 224 3088 et
237 3030 313 3088 ut-io
328 3045 454 3090 numero
470 3030 592 3106 impari,
617 3033 696 3094 duae
710 3034 813 3110 regiae
827 3051 918 3096 unam
933 3036 1168 3105 circumsistunt,

193 3121 223 3172 et
249 3111 377 3187 primum
398 3114 436 3174 ab
456 3121 588 3191 utroque
611 3119 705 3178 latere
727 3133 829 3179 remos
855 3119 1031 3192 detergunt,
1059 3117 1168 3178 deinde

194 3196 411 3258 transcendunt
430 3199 548 3270 armati,
570 3207 600 3258 et
613 3199 739 3260 deiectis
755 3201 918 3276 caesisque
933 3200 1167 3277 propugnatori-

192 3278 251 3340 bus
272 3295 380 3340 navem
401 3281 533 3355 capiunt
564 3298 640 3354 una,
663 3299 742 3358 quae
762 3283 829 3358 pari
843 3283 941 3344 Marte
963 3288 1166 3352 concurrerat,

190 3369 357 3437 postquam
372 3371 491 3437 captam
506 3365 630 3424 alteram
646 3382 756 3425 navem
769 3367 852 3441 vidit,
869 3369 1050 3442 priusquam
1063 3366 1101 3428 ab
1115 3364 1165 3425 tri-

190 3440 249 3502 bus
270 3445 359 3506 simul
374 3445 656 3522 circumveniretur,
677 3456 758 3510 retro
775 3450 815 3510 ad
831 3452 961 3511 classem
976 3451 1095 3526 refugit.
1117 3447 1165 3506 Li·

1208 3567 1224 3857 l
