2482 3900
138 149 161 213 8
306 146 422 207 LIBER
432 145 536 205 XXXI.
560 144 680 205 cabo.
694 153 736 204 10.
760 148 795 217 [a.
807 147 843 201 U.
856 166 879 200 c.
892 148 954 216 552]

140 299 257 378 petisse
277 297 316 357 ab
336 311 410 370 rege
431 295 586 355 auxilium.
620 303 754 356 ceterum
775 295 832 354 etsi
847 309 1024 355 communes
1039 293 1117 358 socii

139 381 209 454 sint,
225 389 325 442 tamen
340 380 451 439 nisiex
466 378 644 440 auctoritate
658 378 766 454 populi
779 378 909 438 Romani
923 394 1024 454 neque
1039 381 1117 446 clas-

142 481 206 528 sem
226 479 327 539 neque
347 463 514 524 exercitum
533 461 717 522 defendendi
738 469 790 524 aut
804 461 1001 538 oppugnandi
1015 463 1117 523 cuius-

143 565 232 625 quam
247 563 342 608 causa
355 563 459 622 regem
472 547 504 606 in
517 545 674 606 Graeciam
689 545 854 606 missurum
868 560 949 606 esse.
972 547 1020 605 uel
1031 546 1118 622 quie-

140 641 239 694 turum
254 647 323 690 eum
339 631 369 689 in
384 646 491 706 regno,
505 631 532 690 si
546 631 663 704 populo
679 630 816 690 Romano
832 630 936 690 socios
952 630 1119 690 defendere

139 715 246 784 libeat3
262 715 475 775 velliomanos
491 713 660 790 quiescere,
675 713 702 772 si
714 714 824 786 malint,
842 729 1013 789 passurum,
1025 721 1120 788 atqua

138 799 241 874 ipsum
255 798 376 873 auxilio,
393 813 472 873 quae
486 797 576 857 facile
591 797 741 858 adversus
751 796 924 872 Philippum
935 797 1012 858 tueri
1022 797 1119 857 Athe·

139 898 195 942 nas
220 888 364 957 possent,
391 881 565 942 missurum.
601 879 718 954 gratiae
741 880 806 956 regi
831 881 870 941 ab
891 887 1000 941 senatu
1020 889 1119 956 actae,

138 981 387 1041 responsumque
413 964 502 1026 tutari
527 964 632 1025 socios
658 966 773 1040 populo
798 965 937 1025 Romano
960 965 990 1024 in
1015 965 1119 1025 animo

140 1065 227 1110 assez
248 1049 276 1110 si
296 1065 358 1125 qua
376 1065 411 1108 re
431 1050 472 1109 ad
492 1048 524 1108 id
538 1049 650 1109 bellurn
666 1065 745 1124 opus
761 1049 814 1119 sit,
839 1048 1026 1110 indicaturos
1042 1046 1118 1126 regi,

139 1134 288 1208 regnique
308 1133 375 1194 eius
396 1147 474 1208 opes
496 1133 576 1191 scire
596 1131 736 1193 subsidia
755 1133 842 1192 firma
862 1148 899 1194 ac
919 1133 1022 1194 fidelia
1042 1147 1120 1192 suaa

139 1218 183 1276 rei
198 1217 340 1292 publicae
355 1231 435 1276 esse.
460 1231 587 1276 munera
600 1216 712 1276 deinde
726 1217 834 1292 legatis
849 1216 880 1276 in
895 1215 1033 1292 singulos
1049 1215 1117 1289 qui-

139 1317 211 1363 num
225 1301 339 1360 milium
354 1302 433 1360 aeris
449 1316 488 1360 ex
503 1306 629 1360 senatus
645 1301 785 1360 consulto
800 1301 905 1360 missa.

225 1385 298 1445 Cum
319 1384 460 1444 dilectum
476 1383 621 1444 consules
636 1383 796 1458 haberent,
818 1390 1023 1460 pararentque
1038 1398 1116 1458 quae

139 1469 179 1528 ad
203 1469 314 1528 bellum
341 1483 421 1542 opus
447 1473 566 1539 essent,
593 1466 700 1527 civitas
725 1468 883 1542 religiosa,
908 1468 939 1528 in
961 1466 1118 1542 principiis

139 1553 270 1610 maxime
291 1565 440 1610 novorum
455 1549 621 1624 bellorum,
642 1550 918 1626 supplicationibus
932 1550 1043 1612 habitis
1058 1551 1118 1611 iam

139 1639 170 1694 et
195 1633 408 1694 obsecratione
433 1633 515 1694 circa
540 1632 641 1694 omnia
666 1634 836 1708 pulvinaria
859 1635 955 1708 lacta,
983 1632 1120 1708 nequid

140 1717 429 1790 praetermitteretur
457 1717 542 1792 quod
565 1717 730 1792 aliquando
759 1720 871 1780 lactum
899 1725 998 1789 esset,
1026 1718 1121 1778 ludos

138 1800 203 1860 lovi
218 1800 396 1876 donumque
412 1817 527 1862 vovere
541 1803 714 1876 consulem,
737 1803 786 1862 cui
800 1803 960 1878 provincia
973 1801 1120 1862 Macedo-

139 1885 190 1944 nia
204 1884 367 1958 evenisset,
389 1885 486 1947 iussit
522 1901 637 1946 moram
653 1892 724 1946 voto
741 1886 864 1960 publico
878 1887 1026 1948 Licinium
1040 1901 1120 1960 pon·

137 1967 212 2028 tilex
232 1969 383 2029 maximus
398 1970 509 2041 attulit,
533 1970 585 2044 qui
600 1970 722 2044 negavit
736 1985 775 2029 ex
789 1970 904 2030 incerta
918 1969 1049 2046 pecunia
1064 1985 1120 2030 vo-

139 2067 211 2112 vere
231 2053 360 2124 debere,
384 2053 455 2128 quia
476 2069 513 2112 aa
533 2053 665 2128 pecunia
679 2069 740 2114 non
754 2061 862 2129 posset
875 2053 906 2113 in
920 2053 1033 2114 bellum
1048 2052 1121 2114 usui

139 2150 224 2210 esse,
254 2137 427 2212 seponique
452 2137 552 2196 statim
578 2135 704 2196 deberet
727 2153 784 2197 nec
810 2153 879 2198 cum
905 2139 963 2198 alia
987 2137 1121 2214 pecunia

139 2219 277 2288 misceri;
293 2221 377 2294 quod
392 2221 419 2280 si
434 2221 547 2280 lactum
558 2227 650 2295 asset,
666 2229 770 2282 votum
780 2221 836 2281 rite
848 2221 926 2284 solvi
938 2237 999 2282 non
1010 2235 1118 2295 posse.

140 2319 325 2378 quamquam
341 2310 371 2363 et
384 2319 435 2362 res
450 2310 480 2363 et
494 2311 600 2368 auctor
613 2306 764 2377 movebat,
785 2311 885 2386 tamen
903 2305 941 2365 ad
956 2304 1120 2378 collegium

138 2386 316 2460 pontificum
337 2388 452 2446 referre
473 2388 582 2449 consul
603 2388 723 2462 iussus,
746 2389 772 2447 si
787 2397 895 2464 posset
916 2395 1001 2449 recte
1015 2395 1121 2449 votum

137 2470 271 2530 incertae
285 2471 435 2546 pecuniae
450 2471 576 2546 suscipi.
610 2487 720 2546 posse,
742 2472 917 2549 rectiusque
932 2473 1022 2532 etiam
1036 2487 1119 2546 esse,

137 2554 300 2630 pontifices
330 2557 542 2616 decreverunt.
586 2557 669 2616 vovit
693 2556 724 2615 in
746 2556 861 2617 'eadem
887 2557 982 2616 verba
1010 2555 1120 2617 consul

138 2647 306 2714 praeeunte
320 2640 451 2700 maximo
468 2639 627 2714 pontifice,
651 2639 762 2716 quibus
777 2649 866 2701 antea
880 2640 1121 2717 quinquennalia

140 2729 209 2782 vota
223 2722 340 2798 suscipi
352 2723 444 2782 solita
454 2732 548 2794 erant
562 2730 776 2798 praeterquam
789 2726 872 2800 quod
884 2732 967 2786 tanta
979 2723 1120 2799 pecunia,

138 2811 282 2880 quantam
303 2813 368 2865 tum
389 2821 457 2864 cum
478 2807 650 2865 solveretur
669 2812 795 2866 senatus
817 2809 1005 2882 censuisset,
1026 2808 1119 2868 ludos

137 2888 281 2962 donaque
295 2889 445 2949 iacturum
461 2889 552 2948 vovit.
576 2890 686 2950 totiens
702 2896 772 2950 ante
786 2892 849 2952 ludi
863 2893 965 2968 magni
980 2891 1019 2952 de
1035 2897 1119 2952 certa

136 2971 270 3045 pecunia
284 2972 346 3030 voti
361 2979 461 3031 erant:
485 2972 515 3030 hi
531 2972 620 3048 primi
635 2973 674 3033 de
688 2973 813 3034 incerta.

214 3055 251 3113 X.
280 3052 419 3115 Omnium
439 3054 548 3117 animis
569 3054 600 3115 in
620 3057 733 3118 bellum
752 3057 985 3122 Macedonicum
1008 3057 1119 3134 versis,

136 3145 263 3212 repente
278 3137 351 3196 nihil
365 3137 465 3199 minus
481 3155 518 3200 eo
538 3146 677 3216 tempore
692 3140 868 3204 timentibus
888 3142 993 3204 Gallici
1008 3144 1117 3203 tumul

137 3227 186 3280 tus
209 3221 288 3280 lama
309 3229 424 3282 exorta.
460 3223 606 3284 Insubres
625 3224 852 3302 Cenomanique
875 3235 904 3288 et
918 3227 986 3288 Boii
1006 3224 1118 3287 excitis

137 3301 291 3364 celinibus
306 3304 516 3382 Ilvatibusque
537 3316 567 3369 et
588 3309 698 3370 ceteris
711 3309 878 3386 Ligustinis
896 3310 1034 3386 populis,
1055 3310 1118 3370 Ha-

135 3384 261 3448 milcare
274 3387 377 3449 Poeno
394 3389 481 3464 duce,
499 3389 552 3466 qui
565 3390 597 3452 in
612 3391 650 3453 iis
665 3393 743 3454 locis
761 3393 799 3454 de
810 3393 1010 3456 Hasdrubalis
1028 3408 1120 3455 excr-
