2480 3904
189 197 252 261 204
337 199 453 261 LIBER
466 201 587 260 XXXV.
611 201 693 262 CAP.
705 211 748 263 32.
761 209 804 266 33.
829 209 865 276 [a.
879 207 913 259 ll.
926 225 950 261 c.
961 208 1025 275 560]

188 356 337 417 adversus
353 355 436 430 regis
451 357 582 430 legatum
598 354 755 417 auderent.
776 355 982 416 Athenienses
994 353 1127 414 murrime
1137 353 1162 414 in

188 455 256 499 eum
270 453 335 499 rem
349 437 452 500 idonei
466 437 525 498 visi
540 445 613 498 sunt
626 445 752 514 propter
768 445 798 498 et
809 438 939 500 civitatis
951 437 1128 514 dignitatem
1138 445 1164 498 et

188 528 338 584 vetustam
358 521 536 582 societatem
551 537 621 582 curn
634 522 762 584 Aetolis.
791 523 830 582 ab
851 521 889 584 iis
905 521 1065 597 Quinctius
1087 523 1162 596 petit,

186 613 221 666 ut
239 607 358 680 legatos
378 605 419 665 ad
438 604 665 666 Panaetolicum
686 605 848 666 concilium
873 607 1037 668 mitterent
1070 605 1164 665 Thoas

188 689 303 764 primus
326 689 355 748 iu
377 705 415 750 eo
438 687 568 750 concilio
588 689 773 758 renuntiavit
786 689 980 764 legationem.
1001 687 1163 764 Menippus

188 779 261 849 post
274 789 344 833 eum
359 771 553 834 intromissus
569 773 714 847 optimum
736 774 834 834 luisse
848 773 991 834 omnibus
1008 772 1063 849 qui
1079 773 1163 833 Grae-

187 857 263 916 ciam
278 856 448 934 Asiamque
462 856 632 918 incolerent
644 858 700 931 ait,
715 857 841 932 integris
855 858 950 918 rebus
964 856 1102 932 Philippi
1115 873 1164 932 po-

186 941 283 1000 tuisse
303 939 486 1000 intervenire
507 939 707 1001 Antiochum=
740 956 799 1002 sua
819 957 974 1017 quemque
994 939 1163 1002 habiturum

186 1023 300 1096 luisse,
320 1039 421 1100 neque
442 1023 544 1084 omnia
564 1023 622 1085 suh
643 1031 747 1085 nutum
769 1025 984 1101 dicionemque
998 1025 1163 1085 Romanam

186 1114 380 1182 perventura
407 1125 509 1184 „nunc
531 1114 675 1186 quoque“
696 1109 807 1184 inquit,
829 1109 877 1183 „si
898 1109 992 1170 modo
1007 1125 1071 1169 vos
1093 1123 1164 1184 quac

186 1190 353 1253 inchoastis
375 1193 504 1254 consilia
524 1199 699 1254 constanter
717 1193 885 1269 perducitis
899 1194 940 1254 ad
954 1194 1089 1268 exitum,
1115 1209 1163 1268 po

185 1275 256 1334 terit
269 1276 328 1336 diis
348 1277 522 1338 iuvantibus
538 1283 568 1338 et
580 1277 699 1338 Aetolis
720 1277 814 1338 sociis
830 1278 1005 1338 Antiochus
1028 1277 1165 1352 quamvis

185 1359 345 1420 inclinatas
358 1359 504 1421 Graeciae
517 1377 568 1421 res
583 1361 744 1423 restituere
758 1361 789 1420 in
805 1360 964 1438 pristinam
979 1361 1163 1436 dignitatem

185 1456 223 1500 ea
243 1449 344 1502 autem
365 1445 394 1502 in
415 1443 553 1504 libertate
572 1445 673 1520 posita
694 1453 755 1519 est,
778 1461 859 1520 quae
879 1446 945 1506 suis
962 1451 1027 1505 stat
1041 1444 1160 1518 viribus,

142 1569 145 1576 .
184 1541 246 1585 non
262 1541 302 1585 cx
316 1526 415 1587 alieno
432 1526 556 1587 arbitrio
572 1527 716 1602 pendet.“
736 1529 959 1609 Athenienses,
975 1529 1094 1605 quihus
1109 1529 1162 1604 pri-

184 1607 241 1667 mis
258 1616 329 1684 post
342 1609 457 1684 regiam
471 1609 655 1684 legationem
670 1611 792 1673 dicendi
810 1629 890 1688 quae
901 1614 1018 1674 vellent
1029 1620 1162 1690 potestas

184 1691 264 1750 iacta
289 1699 350 1766 est,
374 1693 528 1754 mentione
554 1695 636 1755 omni
660 1696 742 1771 regis
769 1698 989 1772 praetermissa
1009 1699 1163 1759 Romanae

183 1773 339 1836 societatis
354 1775 482 1838 Aetolos
504 1777 744 1856 meritorumque
764 1782 794 1840 in
814 1781 991 1842 universam
1007 1781 1162 1843 Graeciam

182 1855 215 1914 T.
231 1856 360 1932 Quinctii
375 1861 612 1935 admonuerunt,
639 1879 678 1924 ne
692 1871 806 1924 temere
821 1880 889 1926 eam
903 1864 997 1925 nimia
1013 1865 1162 1926 celeritate

183 1941 380 2004 consiliorum
394 1953 573 2007 everterent
603 1947 731 2008 consilia
751 1948 852 2010 calida
871 1955 902 2009 et
921 1950 1056 2010 audacia
1073 1949 1162 2028 prima

183 2025 289 2099 specie
309 2028 402 2108 laeta,
425 2035 554 2090 tractatu
575 2031 667 2104 dura,
690 2041 803 2092 eventu
823 2033 920 2094 tristia
935 2049 1018 2094 esse.
1050 2036 1162 2108 legatos

181 2109 349 2186 Romanos,
365 2119 395 2172 et
404 2112 435 2172 in
446 2111 494 2172 his
505 2113 536 2172 T.
545 2112 726 2187 Quinctium,
740 2115 824 2176 haud
836 2118 945 2192 procul
955 2115 1031 2178 inde
1044 2118 1160 2178 abesse.

183 2192 254 2252 dum
269 2194 387 2268 integra
401 2196 502 2254 omnia
517 2204 636 2271 essent,
658 2197 760 2258 verbis
779 2201 880 2274 potius
897 2202 937 2261 de
951 2202 989 2262 iis
1005 2217 1091 2277 quea
1106 2217 1162 2265 am·

184 2275 357 2348 urgerentur
382 2277 603 2354 disceptarent,
631 2297 723 2356 quam
748 2285 854 2344 Asiam
880 2284 1104 2361 Europamque
1127 2282 1161 2343 ad

182 2357 336 2421 funestum
351 2369 504 2422 armarent
517 2362 639 2424 bellum.
667 2365 800 2426 XXXlll.
824 2369 984 2430 multitudo
1003 2370 1100 2430 avida
1112 2385 1161 2430 no-

181 2442 273 2502 vandi
294 2459 346 2504 res
359 2444 503 2507 Antiochi
525 2452 587 2508 tota
607 2457 686 2524 erat,
707 2457 738 2510 et
758 2467 797 2510 ne
818 2452 1024 2514 admittendos
1043 2453 1161 2530 quidem

182 2524 211 2583 in
228 2529 390 2590 concilium
404 2529 560 2592 Romanos
576 2533 758 2595 censebant
782 2537 953 2612 principum
968 2539 1104 2598 maxime
1118 2551 1160 2596 se

180 2609 284 2672 niores
297 2613 477 2676 auctoritate
491 2615 664 2690 obtinuere,
679 2623 713 2678 ut
724 2617 848 2679 deretur
859 2620 896 2682 iis
909 2622 1085 2682 concilium.
1107 2621 1162 2680 hoc

180 2692 338 2786 decretum
352 2697 557 2759 Athenienses
574 2717 643 2761 cum
656 2702 860 2778 rettulissent,
877 2705 1011 2766 eundum
1026 2705 1060 2766 in
1072 2707 1160 2765 Aeto·

180 2775 249 2834 ham
265 2777 403 2850 Quinctio
419 2781 519 2840 visum
533 2790 596 2851 est;
623 2793 676 2846 aut
696 2787 776 2845 enirn
790 2795 941 2849 moturum
957 2789 1091 2865 aliquid,
1114 2793 1162 2848 cut

180 2857 279 2918 omnis
301 2861 441 2922 homines
462 2870 558 2926 testes
580 2867 646 2926 iore
672 2883 768 2944 penes
789 2873 917 2934 Aetolos
944 2873 1069 2948 culpam
1094 2871 1160 2932 belli

179 2954 260 3016 esse,
270 2943 428 3006 Romanos
440 2945 521 3008 iusta
531 2965 567 3010 ac
580 2966 679 3027 prope
689 2955 867 3016 necessarie
878 2965 1058 3032 sumpturos
1070 2971 1160 3016 arma.

181 3031 342 3124 postquam
362 3038 486 3090 ventum
507 3040 555 3094 est
573 3050 627 3108 eo,
655 3035 814 3110 Quinctius
835 3039 866 3099 in
887 3041 1018 3102 concilio
1039 3054 1161 3102 orsusa

179 3111 330 3207 principio
346 3112 502 3176 societatis
517 3118 696 3181 Aetolorum
711 3137 781 3182 cum
795 3124 957 3200 Romanis,
974 3131 1005 3185 et
1019 3124 1158 3202 quotiens

178 3192 217 3250 ab
231 3210 269 3255 ns
284 3195 363 3260 fides
377 3206 460 3262 moto
475 3201 610 3264 foederis
626 3213 724 3280 esset,
741 3223 841 3282 pauca
856 3209 895 3269 de
906 3209 972 3270 iure
985 3208 1157 3276 civitatium,

179 3275 345 3354 dequibus
360 3282 564 3360 ambigeretur
579 3285 731 3350 disseruit.
764 3292 791 3350 si
812 3292 887 3367 quid
901 3299 1002 3355 tamen
1017 3291 1110 3368 aequi
1125 3305 1157 3350 so

177 3357 290 3422 habere
305 3366 536 3442 arbitrarentur,
560 3378 674 3446 quanto
696 3387 767 3434 esse
788 3375 886 3436 satius
901 3378 1030 3438 Romam
1045 3375 1157 3436 mittere

177 3439 305 3520 legatos,
322 3465 379 3516 seu
389 3450 567 3529 disceptare
580 3471 637 3517 seu
647 3472 757 3532 rogere
770 3467 911 3522 senatum
922 3461 1056 3534 mallent,
1069 3471 1155 3536 quom
