2480 3904
157 190 222 256 248
303 191 420 254 LIBER
432 190 566 252 xxxvl.
591 189 675 251 cAP.
689 198 733 252 30.
744 195 788 252 31.
811 189 847 267 [a.
860 193 895 248 U.
908 209 932 247 c.
943 193 1005 262 bot]

159 357 263 406 urcem
282 342 385 418 posito
406 348 525 404 ceteras
545 349 650 416 partes
670 340 755 402 urbis
769 339 878 400 divisis
893 339 992 416 copiis
1008 355 1063 415 pro
1077 340 1142 400 situ

159 427 314 490 moenium
339 421 544 486 circumsedit.
580 438 639 484 nec
658 422 759 484 minim
779 424 882 499 operis
901 423 1082 498 laborisque
1105 439 1143 482 ea

160 508 350 588 oppugnatio
366 523 458 583 quam
472 507 640 569 Heracleae
653 506 769 569 habuit.

243 591 348 654 XXXI.
375 590 495 652 Eodem
513 599 653 666 temporo
673 599 704 652 et
716 590 860 652 Messene
879 590 910 650 iu
923 590 1143 666 Peloponneso

159 678 199 739 ab
213 675 364 750 Achaeis,
386 675 473 749 quod
493 673 617 735 concilii
637 689 744 735 aarum
759 681 918 736 recusaret
931 689 1020 748 esse,
1044 690 1144 749 oppa-

154 760 249 838 -gnari
263 766 375 835 coepta
389 764 446 819 est
474 757 586 820 etenim
600 758 681 819 duae
695 757 851 832 civitates,
863 757 1010 820 Messene
1025 765 1056 818 et
1066 757 1145 829 Etis,

159 852 248 906 extra
262 841 426 904 concilium
438 840 609 903 Achaicam
623 850 725 918 erant,
741 857 810 903 cum
823 841 942 911 Aetolis
957 840 1143 903 sentiebant

159 928 226 988 Elei
249 934 351 988 umen
373 932 446 1001 post
465 925 602 1002 iugatum
623 942 663 986 ex
685 926 813 986 Graecia
829 925 1014 987 Antiochum
1035 923 1146 1000 legatis

160 1011 356 1073 Achaeorum
369 1011 471 1072 leuius
484 1010 723 1086 responderant:
743 1008 871 1070 dimisso
886 1009 1042 1085 pracsidio
1056 1009 1148 1084 regio

161 1095 360 1172 cogitaturos,
377 1093 451 1171 quid
466 1093 524 1156 sibi
539 1093 713 1156 iaciendum
727 1103 822 1154 esset.
852 1092 1000 1155 Messenii
1014 1092 1148 1152 sinere

162 1195 281 1257 sponso
289 1177 425 1240 dimissis
431 1177 540 1254 legatis
546 1185 705 1240 moverant
713 1178 842 1248 bellum
856 1175 1032 1253 trepidique
1042 1191 1148 1236 rerum

162 1281 304 1338 suarum,
326 1279 395 1324 cum
415 1263 476 1324 iam
496 1277 571 1338 ager
590 1260 690 1324 effusa
711 1261 849 1323 exercitu
868 1261 986 1338 passim
1006 1268 1149 1322 ureretur

163 1357 330 1424 castraque
343 1363 444 1422 prope
459 1347 567 1408 urbem
580 1346 656 1423 poni
669 1345 822 1418 viderent,
837 1347 955 1420 legatas
970 1344 1147 1404 Chalcidem

164 1433 205 1492 ad
218 1433 251 1491 T.
268 1429 440 1504 Quinctium
454 1438 612 1491 auctorem
625 1429 772 1490 libertatis
786 1429 943 1504 miserunt,
959 1430 1012 1505 qui
1026 1427 1146 1489 nuntia·

21 1568 41 1574 „
161 1524 231 1576 rent
240 1513 415 1574 Messenios
426 1514 582 1588 Romanis,
597 1529 660 1575 non
669 1513 804 1574 Achaeis
819 1521 849 1574 et
863 1511 983 1589 aperire
996 1517 1146 1590 portaset

163 1599 278 1658 dedere
293 1597 399 1658 urbem
413 1604 541 1671 paratas
556 1611 638 1658 esse.
661 1598 772 1658 auditis
786 1597 896 1672 legatis
907 1598 1062 1673 extemplo
1076 1611 1146 1672 pro

163 1683 264 1742 lectus
293 1679 450 1754 Quinctius
471 1680 691 1757 aMegalopoli
710 1680 750 1741 ad
770 1681 951 1757 Diophanen
973 1686 1149 1756 praetorem

162 1764 359 1825 Achaeorum
373 1763 470 1838 misit,
486 1765 539 1841 qui
552 1766 707 1842 extemplo
721 1766 871 1826 reducere
885 1781 954 1826 eum
969 1781 989 1824 a
1002 1764 1148 1824 Messene

164 1848 333 1909 exercitum
354 1857 385 1910 et
403 1848 509 1910 venire
523 1849 565 1910 ad
579 1864 615 1910 sc
633 1849 759 1910 iuberet.
795 1849 876 1910 dicto
898 1849 999 1924 paruit
1012 1847 1148 1922 Diopha-

164 1947 237 2004 nes,
260 1941 291 1994 et
304 1934 407 1994 soluta
421 1931 584 1994 obsidione
598 1931 762 2009 expeditus
776 1933 854 2008 ipse,
877 1947 1084 2008 praegressus
1099 1946 1148 2004 ag-

165 2031 246 2091 men,
259 2017 342 2078 circa
351 2017 531 2088 Andaniam,
545 2032 673 2091 parvum
685 2017 832 2091 oppidum
843 2017 921 2078 inter
930 2015 1150 2092 Megalopolim

165 2100 395 2175 Messenenque
409 2099 559 2175 positum,
582 2099 720 2173 Quinctio
737 2101 884 2168 occurrit3
906 2107 1021 2160 etcum
1037 2113 1149 2160 causas

166 2183 405 2258 oppugnationis
421 2191 600 2258 exponeret,
617 2186 796 2258 castigatum
808 2185 923 2257 leniter,
940 2184 1026 2258 quad
1037 2189 1151 2244 tantam

163 2281 230 2326 rem
251 2264 319 2324 sine
339 2266 518 2328 auctoritate
533 2281 591 2326 sua
605 2274 734 2328 conatus
748 2275 846 2340 esset,
868 2268 1016 2328 dimittere
1032 2265 1150 2327 exerci-

164 2357 228 2410 tum
242 2348 333 2410 iussit
346 2364 404 2410 nec
419 2365 527 2425 pacem
542 2351 676 2410 omnium
689 2351 772 2412 bono
788 2359 904 2426 partam
915 2353 1050 2412 turbare.
1069 2351 1151 2410 Mes:

153 2431 261 2494 seniis
273 2433 444 2509 imperavit,
459 2443 491 2495 ut
501 2434 625 2496 exsules
636 2435 818 2496 reducerent
828 2443 858 2496 et
868 2436 1065 2495 Achaeorum
1078 2450 1151 2494 oan-

166 2517 228 2582 cilii
249 2525 371 2580 essent:
393 2517 421 2579 si
442 2535 504 2593 qua
524 2517 671 2580 haberent
691 2520 730 2578 de
745 2517 857 2593 quibus
872 2527 925 2579 aut
937 2531 1086 2580 recusare
1101 2523 1152 2577 aut

165 2602 198 2663 in
213 2609 372 2678 posteram
387 2602 491 2664 caveri
506 2602 564 2662 sibi
580 2603 700 2672 vellent,
717 2601 892 2678 Corinthum
903 2603 943 2664 ad
955 2601 1151 2663 sevenirent.

143 2759 151 2770 .
166 2685 349 2760 Diophanen
368 2685 531 2748 concilium
545 2687 740 2748 Achaeorum
756 2687 910 2763 extemplo
926 2687 984 2748 sibi
1000 2686 1151 2762 praebere

166 2769 266 2829 iussit.
301 2769 343 2828 ibi
368 2770 407 2829 dc
426 2769 585 2847 Zacyntho
612 2770 781 2844 intercepta
806 2787 861 2845 per
885 2772 1024 2832 fraudem
1050 2770 1152 2830 insula

167 2859 296 2926 questus
307 2853 484 2926 postulavit,
501 2860 535 2913 ut
546 2853 757 2914 restitueretur
767 2853 923 2914 Romanis.
945 2853 1077 2929 Philippi
1088 2853 1150 2912 Ma·

166 2936 320 2998 cadonum
329 2933 412 3010 regis
418 2935 594 3013 Zacynthus
607 2938 720 2998 luerat:
735 2953 803 2998 eam
814 2939 987 2999 mercedem
993 2940 1150 3016 Amynan-

167 3019 225 3080 dro
241 3020 383 3093 dederat,
398 3026 432 3080 ut
445 3035 502 3096 per
515 3020 728 3082 Atltamaniam
742 3021 857 3082 ducere
870 3023 1040 3082 exercitum
1054 3021 1086 3082 in
1102 3039 1150 3081 su·

168 3103 319 3181 perierem
334 3112 451 3180 partem
466 3105 605 3165 Aetoliae
619 3105 740 3179 liceret,
756 3123 818 3181 qua
833 3104 1032 3182 expeditione
1045 3104 1150 3165 fractis

167 3188 277 3250 animis
287 3190 417 3250 Aetolos
429 3189 575 3264 compulit
586 3190 626 3249 ad
636 3190 800 3264 petendam
813 3206 931 3265 pacem.
949 3189 1150 3267 Amynander

91 3349 94 3356 Ι
164 3271 339 3348 Philippum
350 3272 641 3348 Megalopolitanum
656 3274 775 3334 insulae
786 3273 948 3348 praefecit3
972 3279 1085 3348 pastea
1097 3286 1150 3348 per

168 3355 296 3428 bellurn,
320 3373 382 3431 quo
406 3371 442 3416 se
462 3353 616 3417 Antiocho
638 3356 790 3418 adversus
804 3358 961 3418 Romanos
982 3353 1146 3427 coniunxit,

163 3434 306 3511 Philippo
322 3438 363 3498 ad
373 3453 499 3499 munera
510 3438 582 3499 belli
592 3447 738 3500 revocato
748 3439 910 3501 Hieroclen
918 3439 1147 3516 Agrigentinum
