2482 3900
177 223 218 286 36
342 223 456 284 LlBlllt
470 222 574 283 xlllll.
598 222 681 282 CAP-
693 229 736 284 40.
750 229 793 283 41.
817 227 853 294 [a.
868 226 903 280 U.
916 243 940 277 o.
952 225 1015 292 552]

176 377 298 453 agmine
311 375 446 438 hostium
460 377 619 448 viderunt,
641 375 822 450 priusquam
837 373 1048 448 experirentur
1064 377 1162 432 certa-

176 477 262 536 men,
283 467 366 520 metu
380 462 410 520 in
426 459 611 521 deditionem
627 467 784 520 venerunt.
813 457 852 518 ab
868 457 986 518 Celetro
1001 457 1032 516 in
1046 457 1163 517 Dassa-

176 547 271 606 retios
292 545 462 620 prooessit,
483 545 652 618 urbemque
667 543 771 603 Pelion
786 542 818 600 vi
833 541 924 616 cepit.
952 541 1077 602 servitia
1091 539 1164 600 inde

178 645 248 690 cum
268 637 371 690 catera
392 627 509 702 praeda
529 627 669 701 abduxit,
691 633 721 687 et
740 626 837 686 libera
857 625 959 699 capita
979 625 1047 684 sine
1062 625 1163 700 pretio

177 712 306 788 dimisit,
329 712 540 789 oppidumque
554 712 592 772 iis
606 710 754 786 reddidit,
771 709 926 784 praesidio
942 709 1045 769 valido
1063 709 1163 782 impo-

177 798 253 857 sito=
274 811 344 858 nam
365 801 396 856 et
415 796 474 856 sita
495 801 668 870 opportune
682 795 757 856 urbs
772 799 837 854 erat
850 793 891 853 ad
904 793 1038 868 impetus
1052 793 1084 851 in
1099 791 1163 851 Ma-

179 879 340 940 cedoniam
362 879 532 940 iaciendos.
565 879 606 939 ita
619 876 791 953 peragratis
806 875 940 938 hostiurn
955 875 1037 952 agris
1053 877 1165 936 consul

177 964 208 1023 in
224 965 294 1024 loca
313 969 426 1039 pacata
444 962 484 1022 ad
504 962 715 1037 Apolloniam,
736 961 819 1021 unde
840 977 931 1021 orsus
952 959 1066 1020 bellum
1089 967 1163 1032 erat,

179 1047 287 1122 copias
302 1047 433 1108 reduxit
1217 1083 1219 1092 ,

261 1131 435 1206 Philippum
460 1137 634 1190 averterant
653 1130 755 1190 Aetoli
780 1136 810 1188 et
829 1128 1017 1189 Athamanes
1038 1135 1068 1186 et
1089 1127 1164 1188 Dar·

178 1215 251 1274 dani
265 1223 296 1276 et
308 1221 354 1276 tot
366 1215 448 1274 bella
460 1220 588 1288 repente
602 1214 662 1274 alia
675 1229 716 1273 ex
731 1213 799 1274 aliis
812 1213 891 1274 locis
906 1217 1022 1272 exorta.
1051 1211 1163 1272 adver·

180 1315 236 1359 sus
252 1299 429 1370 Dardanos,
447 1297 508 1358 iam
523 1298 706 1372 recipientes
722 1312 762 1356 ex
775 1295 959 1358 Macedonia
972 1309 1053 1370 sese,
1068 1294 1164 1356 Athe-

178 1399 316 1457 nagoran
338 1398 407 1443 cum
429 1381 583 1456 expeditis
607 1381 761 1456 peditibus
783 1396 820 1440 ac
833 1381 949 1441 maiore
971 1384 1057 1455 parto
1076 1379 1164 1453 equi-

177 1474 258 1526 tatus
270 1466 487 1539 misitiussum
498 1465 612 1525 instare
620 1464 658 1524 ab
669 1471 756 1538 tergo
768 1463 960 1538 abeuntibus,
968 1461 1163 1537 etoarpendo

179 1557 370 1625 postremum
387 1564 497 1623 agmen
510 1549 671 1622 segniores
686 1563 742 1608 eos
758 1548 798 1608 ad
812 1549 983 1609 movendos
1001 1547 1094 1607 domo
1109 1561 1164 1605 ex·

178 1633 292 1693 arcitus
312 1632 445 1692 ellloero.
478 1633 607 1694 Aetolos
622 1632 815 1692 Damocritus
830 1639 969 1707 praetor,
991 1630 1044 1706 qui
1057 1644 1166 1691 morae

179 1717 220 1775 ad
248 1715 477 1776 decernendum
504 1715 616 1776 bellum
642 1716 683 1776 ad
705 1715 898 1791 Naupactum
922 1721 1029 1776 auctor
1054 1715 1164 1786 luerat,

178 1799 259 1859 idem
282 1799 425 1874 proximo
446 1799 577 1860 concilio
598 1800 639 1859 ad
660 1815 745 1859 arma
766 1800 941 1860 conciverat
960 1805 1033 1874 post
1052 1798 1166 1858 lamam
1229 1811 1230 1830 ³

178 1883 334 1958 equestris
349 1883 390 1944 ad
407 1882 581 1945 Ottolobum
595 1898 727 1959 pugnae,
743 1883 1018 1958 Dardanorumque
1036 1881 1165 1942 etPleu-

177 1968 236 2027 rati
251 1983 320 2028 cum
334 1967 447 2046 Illyriis
461 1968 621 2030 transitum
635 1967 666 2027 in
679 1967 901 2042 Macedoniam,
923 1965 1037 2028 adhoc
1051 1965 1164 2026 classis

178 2052 336 2112 Romanae
350 2052 515 2112 adventum
530 2050 651 2126 Orcum,
669 2059 700 2112 et
714 2067 810 2126 super
823 2050 1026 2112 circumfusas
1040 2056 1087 2110 tot
1099 2048 1163 2108 Ma-

180 2136 330 2196 cedoniae
340 2142 449 2210 gentes
460 2136 639 2196 maritimam
652 2150 777 2212 quoque
788 2136 952 2197 instantem
959 2133 1162 2196 obsidionem.

178 2218 254 2280 xm.
276 2219 336 2278 hae
350 2234 465 2280 causae
475 2220 681 2282 Damocritum
691 2220 884 2295 Aetolosque
896 2219 1093 2280 restituerant
1101 2217 1163 2278 Ro·

178 2303 294 2371 manis;
317 2309 347 2362 et
357 2303 559 2381 Amynandro
572 2319 647 2379 rege
656 2303 862 2365 Athamanum
875 2304 1019 2364 adiuncto
1034 2300 1165 2377 proiecti

180 2385 352 2448 Cercinium
373 2386 534 2448 obsedere.
569 2389 743 2449 clauserant
762 2395 882 2464 portas,
903 2388 1053 2448 incertum
1072 2386 1103 2444 vi
1124 2401 1164 2443 an

178 2470 350 2546 voluntate,
380 2472 453 2547 qnia
475 2473 593 2548 regium
620 2472 773 2534 habebant
796 2472 995 2548 praesidium.
1029 2476 1165 2530 ceterum

179 2554 259 2614 intra
278 2571 397 2630 paucos
412 2555 479 2618 dies
495 2563 617 2633 captum
632 2563 680 2617 est
694 2555 864 2617 Cercinium
879 2561 973 2632 atque
986 2555 1163 2623 incensum

180 2639 233 2713 qui
258 2641 476 2714 superfuerunt
490 2655 509 2700 e
522 2657 634 2717 magna
659 2641 762 2712 clade,
788 2639 876 2701 liberi
900 2639 1060 2714 servique,
1086 2638 1166 2698 inter

180 2728 313 2781 ceteram
333 2724 480 2797 praedam
500 2725 632 2785 abducti.
665 2724 691 2783 is
707 2725 797 2786 timor
810 2724 910 2785 omnis
926 2724 977 2800 qui
993 2724 1164 2785 circumeo—

179 2805 244 2862 lunt
254 2803 381 2864 Boeben
394 2807 538 2879 paludem
547 2808 661 2868 relictis
672 2807 800 2869 urbibus
811 2809 922 2869 montis
934 2806 1036 2882 coegit
1047 2811 1162 2882 petere.

179 2885 281 2946 Aetoli
296 2887 402 2962 inopia
415 2889 551 2963 praedae
565 2891 637 2950 inde
651 2892 752 2952 aversi
767 2892 797 2952 in
808 2891 1023 2952 Perrhaebiam
1034 2891 1080 2950 ire
1091 2905 1164 2966 per-

179 2976 263 3043 gunt.
287 2969 426 3048 Cyretias
441 2972 482 3032 ibi
496 2975 527 3033 vi
543 2975 667 3049 copiunt
681 2975 835 3052 foedeque
849 2975 1010 3052 diripiunt;
1035 2973 1088 3051 qui
1098 2972 1164 3032 Ma-

179 3053 280 3114 loeam
306 3054 443 3116 incolunt
467 3059 622 3120 voluntate
650 3059 680 3118 in
710 3060 895 3122 deditionem
920 3059 1166 3132 societatemque

178 3137 307 3214 accepti.
330 3154 370 3198 cx
383 3139 567 3202 Perrhaebia
582 3143 740 3220 Gomphos
755 3144 879 3220 petendi
892 3143 1095 3222 Amynander
1109 3157 1164 3202 au·

180 3228 245 3282 otor
258 3227 337 3284 erat=
360 3231 391 3284 et
405 3225 539 3288 imminet
552 3226 733 3289 Athamania
747 3228 818 3290 huic
832 3228 915 3302 urbi,
937 3227 1165 3301 videbaturque

179 3309 349 3382 expugnari
371 3308 437 3369 sine
458 3326 569 3386 magno
591 3312 755 3372 certamine
776 3327 881 3388 posse.
914 3312 1016 3382 Aetoli
1031 3326 1163 3386 campos

177 3387 355 3454 Thessaliae
376 3393 496 3468 opimos
517 3396 557 3455 ad
577 3397 724 3472 praedam
738 3397 853 3471 petiere
867 3402 1033 3473 sequente,
1055 3409 1164 3472 quam·

179 3487 270 3547 quam
284 3491 345 3536 non
360 3477 511 3551 probante
523 3479 723 3558 Amynandro
739 3495 796 3540 nec
811 3479 927 3540 effusos
941 3480 1163 3556 populationes
