2482 3902
211 215 272 278 108
341 211 457 272 trena
471 210 603 272 xxxtn.
625 207 708 267 cnr.
723 215 769 270 xo.
783 215 827 269 ao.
851 214 887 280 q..
906 209 938 262 o.
955 229 978 263 t.
994 212 1057 278 see]

209 383 312 446 neque
326 365 436 427 ducem
449 363 613 426 habebant
655 360 830 438 proximum
850 359 931 423 bello
956 361 1041 438 quod
1061 370 1138 437 erat,
1156 362 1183 423 in

209 450 402 515 latrocinium
421 445 506 510 versi
527 445 607 508 alios
627 444 659 506 in
679 443 840 521 hospitiis,
861 443 941 506 alios
963 459 1062 521 vagos
1078 459 1133 522 per
1144 445 1182 507 hi-

208 539 306 599 bema
318 533 447 607 milites,
467 531 508 593 ad
521 527 626 593 varios
648 526 848 592 commeantis
867 545 961 612 usus,
987 527 1183 606 excipiebant.

211 619 337 698 quidam
350 617 382 678 in
395 615 475 692 ipsis
488 613 650 678 itineribus
666 615 706 674 ad
717 621 806 674 notas
818 609 953 675 latebras
967 613 1007 674 ab
1021 612 1183 675 insidianti-

208 705 284 778 bus,
305 715 378 780 pars
393 699 424 762 in
440 699 564 760 deserta
577 713 634 776 per
648 695 787 758 heodem
802 695 983 759 deversoria
997 697 1121 760 deducti
1135 715 1178 774 op·

209 785 426 866 primebantur.
448 790 605 860 postremo
615 795 677 845 non
691 787 806 844 tantum
817 781 856 842 ab
869 780 941 844 odio
953 781 1012 843 sed
1025 781 1116 843 etiam
1127 781 1182 842 avi·

210 872 303 934 ditate
310 869 445 946 praedae
453 866 590 929 facinora
597 865 720 940 fiebant,
730 861 986 942 quianegotiandi
995 863 1091 928 ierme
1098 881 1184 928 causa

209 964 371 1032 argentum
384 949 416 1014 in
430 950 519 1014 zonis
533 951 682 1013 habentes
697 947 728 1010 in
743 948 964 1011 commeatibus
985 957 1081 1010 erant.
1123 967 1183 1011 curn

209 1038 309 1118 primo
321 1035 430 1116 pauci,
451 1034 564 1096 deinde
578 1034 609 1095 in
625 1031 693 1096 dies
707 1035 814 1110 plures
829 1030 1094 1110 desiderarentur,
1114 1031 1183 1094 inla-

209 1118 485 1185 misesseBoeotia
500 1117 598 1182 omnis
610 1115 722 1194 coepit,
735 1127 765 1179 et
775 1116 912 1180 timidius
924 1129 1017 1196 quam
1028 1113 1059 1178 in
1072 1117 1183 1180 hostico

210 1203 316 1286 egredi
332 1205 442 1267 castris
452 1203 550 1266 tniles.
566 1201 796 1276 tquuinctius
811 1203 930 1278 legatos
945 1202 987 1264 ud
1001 1203 1184 1278 querendum

210 1293 249 1355 de
264 1286 433 1352 lenociniis
448 1301 505 1364 per
520 1287 659 1349 civitates
674 1285 772 1347 mittit.
814 1283 966 1362 plurimae
980 1287 1095 1348 caedes
1110 1285 1185 1347 circa

211 1373 379 1450 Copaidem
392 1369 537 1448 paludem
551 1371 709 1432 inventae:
731 1367 774 1432 ibi
793 1386 834 1430 ex
853 1369 926 1432 llmo
941 1377 1030 1432 emita
1043 1377 1183 1433 exhacta

211 1475 273 1535 que
288 1473 328 1518 ex
342 1464 451 1532 stagno
467 1455 620 1516 cadevera
633 1453 718 1516 saxis
740 1462 793 1516 aut
806 1449 980 1530 amphoris,
1000 1461 1035 1516 ut
1054 1451 1185 1530 pondere

209 1542 403 1605 traherentur
415 1537 447 1599 in
462 1536 659 1616 protundum,
674 1539 805 1600 adnexu.
827 1537 922 1600 multa
933 1537 1072 1600 laclnora
1078 1539 1181 1599 Acrae-

210 1625 304 1703 phiae
318 1633 349 1686 et
363 1621 523 1685 Coroneae
537 1624 619 1684 lacta
637 1621 881 1684 inveniebantur.
917 1619 1078 1698 Quinctius
1092 1622 1184 1698 primo

210 1709 324 1771 noxios
338 1707 417 1769 uadi
432 1706 491 1768 sibi
505 1705 605 1782 iussit,
621 1713 652 1768 et
667 1719 723 1782 pro
740 1705 915 1782 quingentis
930 1705 1078 1768 militibus
1091 1733 1135 1750 -u
1148 1713 1184 1767 tot

211 1792 293 1856 enim
311 1790 486 1867 interempti
501 1799 588 1853 erant
600 1825 643 1840 -
658 1789 826 1867 quingenta
839 1791 953 1852 alanta
965 1787 1104 1854 Boeotos
1120 1805 1186 1852 con-

211 1880 301 1941 serre.
324 1889 454 1952 quorum
466 1891 535 1938 curn
546 1876 793 1951 lieretneutrum,
807 1873 913 1936 verbis
924 1877 1043 1938 tantum
1054 1874 1186 1938 civitates

211 1967 398 2024 excusarent
423 1959 498 2021 nihil
523 1959 648 2036 publico
675 1957 805 2021 consilio
832 1957 946 2020 lactum
971 1971 1059 2033 esse,
1088 1957 1187 2020 missis

205 2046 349 2108 Athenas
371 2053 402 2107 et
421 2043 453 2105 in
472 2042 623 2104 Achaiam
647 2042 773 2119 legatis,
799 2042 852 2118 qui
878 2050 1065 2106 testarentur
1087 2042 1187 2106 socios

210 2129 292 2190 iustu
307 2127 428 2204 pioque,
438 2126 564 2190 sebello
580 2127 967 2204 persecuturumBoeotos,
982 2135 1096 2190 etcum
1108 2135 1189 2204 parte

212 2211 372 2288 copiarum
390 2213 450 2288 Ap.
467 2209 593 2274 Claudio
613 2209 819 2287 Acraephiam
838 2211 884 2272 lre
903 2211 1008 2286 iusso,
1033 2210 1104 2288 ipse
1126 2227 1188 2272 cum

211 2303 299 2376 purte
315 2293 484 2357 Coroneam
499 2292 696 2358 circumsedit
710 2295 838 2357 vermos
852 2293 938 2371 prius
954 2294 1053 2373 agris,
1080 2307 1144 2372 que
1156 2296 1188 2356 ab

210 2377 310 2441 Elatia
325 2379 386 2440 duo
399 2379 740 2457 diversaagminaiere.
762 2377 820 2441 hac
832 2378 968 2456 perculsi
980 2375 1188 2451 cladeBocoti,

212 2477 283 2527 cum
296 2464 398 2526 omnia
412 2471 529 2526 temore
543 2479 580 2526 ac
595 2465 667 2541 luga
682 2463 836 2540 completa
849 2472 970 2537 essent,
992 2465 1115 2542 legatos
1129 2464 1189 2524 mit-

212 2555 287 2613 tunt.
311 2547 364 2626 qui
379 2561 448 2610 cum
462 2548 493 2609 in
509 2557 611 2611 castra
625 2565 687 2610 non
702 2549 947 2624 admitterentur,
968 2546 1087 2609 Achaei
1102 2549 1188 2610 Athe-

212 2631 402 2710 niensesque
417 2635 671 2710 supervenerunt.
713 2633 784 2708 plus
806 2629 994 2695 auctoritatis
1009 2631 1130 2694 Achaei
1143 2631 1189 2691 ha·

211 2717 345 2780 buerunt
351 2717 566 2793 deprecantes,
578 2717 659 2794 quia,
671 2715 703 2778 ni
715 2715 933 2793 impetrassent
942 2713 1189 2794 pucemBoeotls,

212 2801 327 2862 bellum
341 2796 432 2861 simul
447 2817 555 2876 gerere
570 2801 779 2863 decreverant.
801 2817 857 2877 per
866 2801 1013 2864 Achaeos
1028 2801 1060 2863 el
1068 2795 1189 2864 Boeotis

213 2883 306 2959 copia
319 2882 453 2945 adeundi
467 2883 718 2962 adloquendique
732 2881 904 2947 Romanum
919 2882 1000 2948 iacta
1014 2893 1072 2960 est,
1087 2882 1189 2946 iussis-

216 2982 276 3042 que
296 2967 419 3030 tradere
438 2966 552 3030 noxios
574 2977 605 3030 ot
624 2971 737 3031 multae
757 2969 882 3032 nomine
904 2966 1028 3046 triginta
1054 2970 1189 3031 conterre

214 3052 328 3113 talento
341 3062 405 3128 pax
419 3051 499 3125 dato,
515 3060 546 3114 et
558 3054 597 3114 ab
613 3053 844 3130 oppugnatione
857 3064 1027 3115 recessum.

297 3135 388 3197 XXX.
409 3135 529 3198 Paucos
543 3145 616 3213 post
629 3137 697 3199 dies
713 3138 821 3200 decern
832 3137 924 3215 legati
938 3136 978 3198 ab
988 3135 1089 3198 Roma
1104 3145 1189 3197 vene·

213 3229 299 3294 runt,
321 3233 452 3296 quorum
467 3229 507 3281 ex
525 3219 654 3283 consilio
669 3231 733 3298 pax
748 3221 819 3284 data
833 3217 974 3298 Philippo
990 3220 1021 3281 in
1035 3221 1096 3282 has
1110 3222 1189 3294 leges

214 3313 271 3380 est,
287 3311 319 3365 ut
334 3319 441 3366 omnes
456 3303 642 3368 Graecorum
656 3305 804 3383 civitates,
821 3320 900 3383 quae
914 3306 945 3366 in
959 3303 1087 3382 Europa
1101 3313 1188 3380 quae-

215 3401 276 3462 que
295 3385 327 3448 in
346 3388 424 3450 Asia
443 3397 564 3463 essent,
589 3389 761 3452 libertatem
781 3404 819 3452 ac
834 3405 908 3452 suas
923 3388 1073 3452 haberent
1092 3389 1188 3463 legest

215 3485 295 3545 quae
317 3487 423 3533 earum
444 3471 502 3534 sub
523 3471 646 3535 dicione
665 3471 798 3551 Philippi
817 3471 963 3546 luissent,
982 3471 1140 3550 praesidio
1154 3483 1189 3529 ex
