2482 3900
203 245 245 308 14
351 243 466 303 LIBER
479 241 583 302 XXXI.
607 238 689 300 CAP.
706 247 749 300 15.
766 245 809 301 lh
833 245 871 311 [a.
887 243 921 296 U.
937 259 961 296 e.
975 242 1039 309 552]

204 393 335 459 Attalida
355 391 559 468 appellarent,
589 389 630 450 ad
651 389 758 460 decem
777 397 902 450 veteresw
915 386 1012 449 tribus
1026 388 1182 461 addenda3

203 489 233 542 et
246 475 436 538 Rhodiorum
450 475 585 550 populns
601 489 717 533 corona
730 489 825 534 aurea
846 471 967 533 virtutis
990 475 1063 547 ergo
1090 473 1184 534 dona·

204 574 268 636 tus,
293 559 465 634 civitasque
488 557 618 619 Rhodiis
644 558 730 632 data,
752 573 845 633 quem
869 557 910 616 ad
930 557 1055 618 modum
1074 555 1184 618 Rhodii

202 645 288 724 prius
308 641 550 705 Atheniensibus
571 641 728 703 dederant.
764 641 935 702 secundum
959 640 1036 700 haee
1055 656 1112 701 rex
1132 644 1184 701 At-

202 731 282 791 talus
295 727 446 804 Aeginam
462 727 502 787 ad
518 727 650 788 classem
666 742 701 786 se
714 725 833 801 recipit,
848 723 961 785 Rhodii
976 723 1062 785 Ciam
1073 727 1112 785 alt
1125 727 1184 784 Ae·

202 813 294 891 gina,
327 812 400 874 inde
427 827 485 887 per
512 810 630 871 insulas
657 809 800 870 Rhodum
834 809 1017 885 navigarunt
1045 809 1185 870 omnibus

203 905 325 974 praeter
337 897 476 957 Andrum
490 895 661 970 Parumque
683 901 713 954 et
733 893 901 971 Cythnum,
927 909 1007 968 quaa
1022 892 1185 969 praesidiis

201 982 406 1045 Macedonum
420 980 610 1052 tenebantur,
631 977 662 1036 in
679 976 857 1039 societatem
871 976 1017 1054 acceptis.
1052 979 1184 1038 Attalum

206 1065 341 1143 Aeginae
356 1062 443 1126 missi
457 1063 487 1123 in
503 1063 655 1124 Aetoliam
670 1059 782 1137 nuntii,
807 1060 1042 1138 exspectatique
1058 1061 1133 1122 inde
1143 1063 1184 1122 le

203 1149 281 1225 gari,
307 1147 496 1225 aliquamdiu
511 1145 584 1207 nihil
599 1155 740 1220 agentem
753 1154 890 1207 tenuere.
936 1153 967 1207 et
990 1161 1095 1222 neque
1116 1144 1185 1207 illos

204 1233 308 1295 excire
332 1235 372 1294 ad
388 1248 473 1293 arma
487 1230 600 1308 potuit,
629 1230 800 1306 gaudentes
824 1238 991 1306 utcumque
1016 1229 1186 1306 composita

204 1335 274 1380 cum
287 1317 427 1393 Philippo
446 1332 538 1392 pace;
568 1323 599 1376 et
612 1314 682 1390 ipsa
700 1313 884 1390 Rhodiique,
915 1330 993 1390 eum,
1014 1314 1042 1376 si
1062 1311 1183 1376 institis·

205 1410 275 1464 sent
287 1401 437 1476 Philippo,
454 1398 611 1474 egregium
624 1399 771 1459 liberatae
786 1415 843 1474 per
857 1415 893 1460 se
907 1397 1053 1460 Graeciae
1067 1397 1188 1459 titulum

204 1487 319 1547 habere
332 1483 515 1560 potuissent,
538 1481 682 1558 patiendo
703 1499 811 1544 nrrsus
826 1499 896 1544 earn
911 1482 941 1542 in
954 1483 1186 1558 Hellespontum

204 1569 334 1630 baleare
360 1573 625 1642 occupantemque
638 1565 786 1628 Thraciae
812 1576 988 1644 opportuna
1010 1568 1079 1628 loca
1102 1565 1188 1628 vires

205 1653 360 1727 colligere,
386 1651 499 1712 ballum
524 1651 637 1722 aluere,
664 1649 854 1728 gloriamque
869 1652 936 1713 eius
951 1649 1031 1729 gesti
1044 1650 1187 1727 perlecti·
1234 1721 1235 1732 ἵ

206 1753 267 1813 que
278 1734 425 1796 Romanis
441 1743 673 1797 concesserunt.
1234 1747 1235 1762 ¹

285 1820 365 1880 xvt.
386 1817 547 1897 Philippus
563 1818 661 1894 magis
674 1819 761 1895 regio
774 1819 876 1880 animo
888 1828 936 1882 est
946 1835 1038 1890 usas,
1054 1817 1108 1894 qui
1118 1833 1188 1879 eum

206 1905 339 1968 Attalum
352 1904 555 1980 Rhodiosque
569 1901 669 1965 hostis
683 1921 745 1966 non
760 1903 973 1980 sustinuisset,
994 1919 1034 1965 ne
1047 1903 1188 1964 Romano

207 1988 329 2066 quidem
346 1990 431 2065 quod
445 1987 620 2049 imminebat
633 1987 715 2049 bello
731 1987 868 2063 territus,
896 1987 1031 2050 Philocle
1053 1987 1188 2063 quodam

205 2091 245 2135 ex
260 2072 426 2150 praelectis
441 2072 506 2134 suis
521 2088 591 2132 cum
606 2073 727 2134 duobus
739 2069 861 2134 milibus
872 2071 1017 2147 peditum,
1033 2069 1190 2147 equitibus

205 2156 345 2220 ducentis
357 2159 397 2218 ad
408 2158 605 2233 populandos
617 2154 851 2218 Atheniensium
861 2171 955 2232 agros
966 2155 1073 2230 misso,
1086 2156 1191 2216 classe
1235 2179 1236 2224 1

206 2240 316 2302 tradita
326 2241 491 2314 Heraclidi,
506 2249 541 2302 ut
553 2240 728 2302 Maroneam
743 2247 871 2316 peteret,
897 2239 967 2316 ipse
982 2248 1065 2301 tarra
1077 2241 1191 2300 eodem

206 2342 279 2387 cum
291 2324 445 2400 expeditis
460 2325 583 2386 duobus
598 2324 720 2386 milibus
736 2323 882 2400 peditmn,
904 2321 1058 2400 equitibus
1074 2325 1189 2384 dueen-

205 2408 245 2471 tis
259 2408 368 2486 pergil.
408 2417 438 2470 et
452 2409 628 2471 Maroneam
646 2409 769 2485 quidem
783 2408 882 2485 primo
900 2409 1016 2484 impetu
1031 2423 1191 2484 expugna·

206 2492 263 2566 vit3
279 2495 399 2556 Aenum
415 2493 487 2554 inde
502 2511 571 2556 curn
585 2510 696 2570 magno
711 2493 826 2567 labore,
841 2501 998 2570 postremo
1013 2507 1071 2568 per
1084 2490 1192 2568 prodi-

206 2577 319 2642 tionem
344 2577 518 2640 Callimedis
533 2578 681 2655 praelecti
701 2576 881 2652 Ptolemaei,
903 2576 995 2654 cepit.
1039 2574 1195 2650 deinceps

205 2663 266 2724 alia
280 2665 423 2736 castella,
446 2663 581 2740 Cypsela
595 2671 626 2724 et
638 2662 790 2724 Doriscon
805 2670 836 2724 et
850 2661 1029 2733 Serrheum,
1045 2667 1195 2736 occupat.

204 2745 277 2807 inde
291 2763 479 2822 progressus
500 2749 543 2807 ad
561 2745 787 2806 Chersonesum
807 2746 955 2808 Elaeunta
969 2754 1000 2806 et
1012 2746 1195 2820 Alopecon—

205 2846 313 2891 nesum
339 2828 529 2890 tradentibus
555 2828 633 2903 ipsis
658 2828 776 2904 recipit.
827 2829 982 2906 Callipolis
1008 2835 1197 2906 quoquest

204 2913 349 2991 Madytos
365 2912 478 2987 dedita,
493 2921 524 2974 et
538 2913 665 2974 castella
680 2914 831 2988 quaedam
846 2912 1001 2989 ignobilia.
1042 2911 1196 2990 Abydeni

205 3013 244 3057 no
260 2995 368 3073 legatis
383 2996 508 3072 quidam
521 2995 666 3057 admissis
680 2997 745 3073 regi
760 3005 865 3074 portas
877 2999 1061 3060 clauserunt.
1084 3012 1125 3058 ea
1137 3013 1195 3071 op·

206 3080 352 3157 pugnatio
365 3080 418 3141 din
431 3079 604 3156 Philippum
618 3080 730 3152 tenuit;
751 3080 892 3158 eripique
914 3099 953 3143 ex
968 3079 1146 3153 obsidione,
1163 3079 1195 3138 ni

206 3173 363 3226 cessatum
384 3164 423 3225 ab
437 3166 539 3226 Attalo
556 3173 586 3225 et
600 3163 729 3226 Rhodiis
745 3166 831 3237 leret,
858 3173 1031 3241 potuerant
1066 3166 1198 3226 Atratus

205 3257 361 3311 trecentos
385 3256 502 3310 tantum
523 3247 636 3310 milites
650 3247 682 3313 in
696 3248 901 3325 praesidium,
925 3247 1039 3312 Rhodii
1065 3247 1196 3323 quadri·

204 3349 319 3394 rement
334 3350 427 3394 unam
448 3350 488 3394 ex
508 3333 624 3407 classe,
650 3349 720 3394 eum
739 3334 780 3393 ad
794 3334 950 3395 Tenedum
964 3341 1074 3408 staret,
1098 3331 1197 3394 mise·

204 3425 283 3477 runt.
315 3418 425 3479 eodem
445 3425 564 3493 posteo,
591 3433 661 3478 curn
685 3416 746 3478 iam
769 3417 822 3478 vix
842 3418 1029 3479 sustinerent
1051 3415 1198 3478 obsidio·

204 3515 283 3575 aem,
299 3506 331 3561 et
349 3499 418 3579 ipse
439 3503 559 3563 Attalus
580 3517 650 3562 cum
663 3499 849 3576 traiecisset,
867 3518 955 3578 spem
970 3509 1087 3564 tantum
1101 3497 1196 3562 auxi·
