2482 3902
241 247 358 309 amsa
367 223 499 311 xr'umr.
516 249 598 312 cnr.
610 259 653 314 14.
667 262 710 316 n.
733 261 770 328 n.
784 260 815 312 c.
830 261 892 329 ron
1016 258 1058 322 ss

69 410 188 465 metum
207 402 290 464 hosti
312 403 342 472 in
357 400 428 464 finis
443 402 660 482 Sicyoniorum
675 407 949 481 transcendebant;
972 413 1057 473 nevi-

69 489 130 549 bns
153 487 247 548 etiam
268 487 464 548 circumvecti
484 503 605 550 omnem
627 505 711 550 oram
728 491 865 552 Achaiae
886 495 1056 558 vastabant.

68 587 141 632 cum
156 571 190 632 id
214 570 344 632 effusius
366 571 487 646 hostes,
509 579 541 632 et
553 579 586 633 ut
599 573 634 634 fit
647 574 687 634 ab
701 575 794 635 nimia
807 575 936 652 fidncia,
953 582 1057 655 negle-

67 656 194 732 gentias
220 655 310 715 etiam
337 656 487 731 facerent,
511 656 671 718 Niceratus
693 675 781 735 spem
802 667 909 721 nactus
931 665 1056 740 necopi-

66 747 181 802 nantes
203 755 260 801 eos
275 735 489 814 adgrediendi,
511 739 594 801 eirca
607 741 749 803 finitimas
764 743 902 806 civitates
917 748 1056 808 nuntium

67 823 227 886 occultum
248 823 351 898 mittit,
372 839 434 898 quo
457 823 507 883 die
527 832 558 884 et
578 827 663 901 quod
676 843 716 886 ex
734 843 857 903 quaque
872 829 993 890 civitate
1008 847 1055 892 ar-

66 908 143 968 m'eti
158 908 200 968 ad
213 907 403 982 Apelaurum
413 939 455 952 -
468 905 679 985 Stymphaliae
695 917 795 972 terrae
809 913 836 972 is
852 913 940 974 locus
955 921 1056 974 est—-

67 991 281 1054 convenirent.
307 991 447 1052 omnibus
463 992 503 1051 ad
518 992 599 1052 diem
614 993 743 1054 edictam
759 996 882 1070 paratis,
898 997 1054 1071 profectus

66 1077 142 1138 inde
157 1075 313 1151 extemplo
327 1091 384 1151 per
393 1074 595 1137 Phliasiorum
610 1077 688 1136 fines
703 1087 793 1138 nocte
805 1077 935 1141 Cleonas
947 1079 1055 1143 insciis

67 1160 230 1235 omnibus,
258 1159 332 1236 quid
351 1166 489 1235 pararet,
512 1161 661 1234 pervenit.
699 1169 786 1222 erant
805 1167 905 1222 autem
926 1179 995 1223 cum
1016 1179 1054 1224 eo

67 1246 210 1322 quinque
230 1243 312 1304 milia
332 1244 483 1318 peditum,
505 1257 545 1302 ex
567 1242 890 1319 quibus*armaturae
911 1246 1003 1321 levis,
1025 1255 1056 1308 et

66 1328 199 1390 trecenti
211 1326 341 1403 equites.
357 1343 426 1389 cum
436 1327 474 1388 iis
486 1328 585 1402 copiis
599 1327 734 1390 dimissis
747 1329 801 1405 qui
812 1331 1045 1406 specularentur

67 1428 162 1490 quam
186 1413 217 1471 in
239 1419 356 1487 partem
381 1410 488 1472 hostes
512 1411 706 1472 effunderent
729 1429 801 1474 sese
826 1413 1053 1492 opperiebatur.

66 1497 134 1558 XV.
165 1495 402 1558 Androsthenes
429 1496 563 1556 omnium
583 1496 708 1571 ignarus
730 1496 873 1559 corintho
895 1498 1054 1574 proiectus

66 1583 106 1641 ad
119 1580 268 1641 Nemeam
284 1579 432 1642 -amnis
453 1585 501 1640 est
518 1579 703 1642 Corinthium
724 1589 755 1642 et
769 1581 947 1661 Sicyonium
962 1581 1053 1641 inter-

65 1666 171 1727 fluens
194 1679 301 1740 agrurn
310 1668 467 1724 -castra
480 1663 570 1725 locat.
606 1663 647 1725 ibi
662 1671 749 1740 parte
763 1666 886 1726 dimidia
900 1666 1054 1726 exercitus

66 1749 208 1823 dimissa,
224 1748 380 1809 dimidiam
390 1777 432 1792 -
442 1747 588 1810 trifariam
600 1747 756 1808 divisit—
767 1757 797 1811 et
811 1763 918 1811 omnes
934 1751 1052 1825 equites

66 1836 246 1896 discurrere
270 1832 311 1892 ed
331 1832 568 1908 depopulandos
589 1833 679 1892 simul
697 1832 921 1895 Pellenensium
944 1832 1053 1914 Sicyo-

66 1921 218 1994 niumque
239 1932 330 1992 agros
349 1923 379 1976 et
391 1915 558 1977 Phliasium
572 1916 664 1977 iubet.
699 1915 777 1976 haec
791 1918 850 1978 tria
863 1917 986 1976 diversa
1000 1933 1053 1992 ag·

66 2003 347 2064 minadiscessere.
369 2001 454 2077 quod
464 2000 516 2061 ubi
529 1999 658 2060 Cleonas
670 2000 710 2060 ad
720 1999 893 2060 Niceratum
904 2001 1054 2075 perlatum
1074 2005 1082 2018 ·

67 2097 133 2163 est,
155 2087 311 2162 extemplo
326 2083 459 2146 validam
473 2083 753 2144 mercennariorum
767 2099 890 2145 manum
904 2084 1053 2158 praemis-

66 2171 200 2233 samad
221 2167 436 2246 occupandum
457 2170 583 2244 saltum,
604 2184 661 2244 per
683 2183 774 2244 quem
789 2168 936 2229 transitus
950 2167 981 2227 in
996 2167 1053 2230 co-

66 2255 214 2318 rinthium
235 2261 283 2315 est
302 2269 423 2330 agrum,
450 2259 519 2314 ante
540 2252 629 2329 signa
642 2251 806 2328 equitibus,
820 2259 855 2314 ut
867 2253 1054 2329 praegrede-

66 2347 191 2413 rentur‚
211 2337 335 2413 locatis,
356 2337 426 2414 ipse
446 2337 607 2400 confestim
628 2337 748 2412 agmine
768 2337 883 2413 duplici
904 2337 1052 2412 sequitur.

66 2430 158 2502 parte
183 2439 246 2484 una
266 2422 467 2484 mercennarii
486 2422 596 2482 milites
617 2421 701 2480 ibant
720 2437 790 2482 cum
810 2421 871 2482 levi
892 2425 1052 2493 armatura,

66 2512 167 2570 altera
188 2507 326 2583 clipeati,
353 2507 436 2566 1d1n
456 2506 575 2566 illarum
596 2504 729 2580 gentium
751 2503 937 2564 exercitibus
958 2501 1054 2562 robur

67 2600 145 2655 erat.
169 2591 230 2651 iam
243 2590 328 2652 haud
342 2592 449 2666 procul
464 2589 574 2651 castris
589 2589 717 2648 aberant
729 2587 849 2662 pedites
860 2585 1051 2659 equitesque,

68 2687 99 2740 ct
114 2676 268 2738 Thracum
284 2673 408 2751 quidam
421 2674 452 2734 in
466 2688 563 2749 vagos
578 2673 763 2748 palatosque
777 2685 833 2745 per
848 2683 941 2744 agros
954 2667 1053 2728 hostis

67 2763 219 2836 impetum
233 2761 379 2833 lecerunt,
396 2773 466 2818 cum
479 2772 592 2833 repens
606 2763 706 2816 terror
721 2753 831 2815 castris
842 2753 978 2813 infertur.
994 2758 1053 2812 tre·

69 2847 181 2922 pidare
195 2844 275 2916 dux,
296 2849 332 2904 ut
346 2842 398 2917 qui
411 2843 519 2904 hostes
533 2855 688 2915 nusquam
701 2837 761 2899 nisi
774 2853 863 2899 raros
877 2835 908 2896 in
924 2835 1054 2898 collibus

69 2939 141 2990 ante
154 2927 333 3006 Sicyonem,
349 2943 411 2989 non
424 2924 565 2988 audentis
581 2939 690 2999 agmen
702 2922 859 2984 demittere
869 2922 900 2983 in
915 2935 1053 2997 campos,

67 3014 217 3086 vidisset,
239 3011 278 3071 ab
293 3010 414 3072 Cleonis
436 3010 561 3086 quidem
575 3023 759 3070 accessuros
774 3021 940 3084 numquam
955 3003 1053 3066 credi-

69 3099 180 3158 disset.
202 3093 344 3156 revocari
359 3094 432 3156 tuba
446 3095 532 3155 iubet
545 3108 642 3168 vagos
658 3091 800 3153 acastris
815 3091 963 3166 dilapsos.
985 3089 1053 3163 ipse

68 3181 182 3257 raptim
204 3194 317 3254 capere
339 3194 424 3238 arma
443 3177 537 3240 iussis
555 3175 715 3251 militibus,
736 3175 919 3251 infrequenti
933 3171 1054 3245 agmine

68 3273 163 3340 porta
177 3260 331 3338 egressus
353 3277 448 3338 super
467 3261 580 3324 flumen
596 3259 717 3321 instruit
729 3259 835 3321 aciem.
868 3262 987 3317 ceterae
1002 3267 1054 3314 co·

70 3349 141 3424 piae
166 3349 222 3410 vix
244 3347 346 3422 colligi
372 3353 466 3422 atque
487 3345 596 3408 instrui
620 3361 690 3406 cum
714 3342 900 3421 potuissent,
923 3337 1054 3415 primurn

69 3432 205 3495 hostium
232 3433 378 3507 impeturn
404 3447 467 3492 non
491 3432 632 3492 tulerunt.
664 3428 853 3490 Macedones
874 3429 904 3484 et
922 3419 1054 3482 maxime

71 3518 205 3580 omnium
232 3518 411 3593 frequentes
437 3515 477 3576 ad
497 3515 587 3591 signa
605 3515 741 3588 fuerant,
768 3518 799 3570 et
819 3507 872 3568 diu
891 3502 1055 3580 ancipitem
