2482 3900
227 217 342 279 LIBER
353 218 457 279 xxxi.
475 218 556 280 cAP.
570 229 612 282 19.
626 229 670 282 ao.
682 230 725 283 ar.
750 229 787 297 [a.
800 227 832 280 c.
847 229 910 297 seo]
1018 225 1054 290 1t

74 393 133 452 que
155 375 247 435 edita.
282 373 402 449 equites
417 372 498 433 mille
512 373 676 449 Numidae,
701 391 769 435 cnm
787 375 849 436 duo
865 377 946 437 milia
962 378 1058 455 daret,

73 459 203 534 accepti.
235 458 306 533 ipse
326 457 357 517 in
377 457 467 517 navis
488 458 694 534 imponendos
716 461 848 533 curavit,
873 467 904 520 et
918 476 985 521 oum
1001 463 1056 523 du-

5 533 11 548 '
73 544 169 605 centis
188 542 310 603 milibus
332 542 468 602 modium
488 543 593 617 tritici,
616 543 755 604 ducentis
777 543 883 604 hordei
905 546 934 604 in
956 545 1057 607 Mace·

73 629 196 688 doniam
222 625 313 687 misit.
349 626 438 688 tertia
464 626 575 700 legatio
602 627 642 687 ad
662 628 837 687 Verminam
859 635 932 688 erat.
968 631 995 690 is
1018 631 1058 691 ad

71 714 189 788 primos
211 710 290 771 lines
305 711 392 784 regni
406 710 515 785 legatis
531 711 653 771 obviam
668 727 872 787 progressus,
894 719 928 772 ut
942 715 1057 774 scrihe-

71 802 138 856 rent
151 795 214 870 ipsi
228 809 306 870 quas
317 795 432 853 vellent
442 794 530 869 pacis
543 796 750 869 condiciones,
766 797 920 871 permisit:
936 812 1057 858 omnem

72 895 181 955 pacem
202 879 314 940 bonam
336 879 510 954 iustamque
531 880 598 940 lore
619 880 677 940 sibi
692 895 761 940 cum
777 882 892 955 populo
907 882 1056 946 Romano.

73 965 163 1024 datae
181 965 268 1038 leges
286 962 389 1038 pacis,
411 963 580 1039 iussusque
598 963 639 1023 ad
653 979 720 1024 eam
736 966 975 1025 confirmandam
990 967 1056 1026 mit-

72 1055 136 1108 tere
150 1047 271 1122 legatos
285 1047 423 1109 Romam.

153 1131 218 1191 XX.
240 1130 298 1190 Per
312 1131 393 1191 idem
405 1138 528 1206 tempus
539 1131 572 1190 L.
587 1132 745 1192 Cornelius
757 1131 902 1193 Lentulus
914 1151 970 1210 pro
983 1152 1055 1196 eon-

73 1218 141 1275 sule
161 1231 199 1275 ex
213 1215 364 1290 Hispania
376 1215 474 1275 rediit.
508 1216 560 1291 qui
577 1231 646 1275 cum
661 1215 691 1274 in
708 1222 817 1276 senatu
829 1232 880 1277 res
897 1218 934 1276 ab
950 1233 985 1278 se
1000 1235 1057 1293 per

73 1301 292 1360 multosannos
301 1299 418 1358 fortiter
429 1299 620 1374 feliciterque
631 1307 735 1374 gestas
743 1300 942 1375 exposuisset
949 1309 1056 1376 postu·

72 1385 238 1459 lassetque,
257 1389 291 1443 ut
305 1382 502 1458 triumphanti
517 1383 575 1442 sibi
590 1383 692 1442 invehi
707 1384 813 1444 liceret
827 1385 857 1443 in
872 1384 988 1460 urbem,
1004 1400 1055 1445 res

70 1467 225 1542 triumpho
242 1467 352 1542 dignas
366 1481 438 1527 esse
454 1466 601 1528 censebat
615 1474 755 1541 senatus,
776 1468 832 1528 sed
848 1469 1022 1544 exemplum
1037 1485 1056 1528 a

69 1549 238 1612 maioribus
263 1567 325 1612 non
350 1551 527 1626 accepisse,
553 1547 660 1626 utqui
682 1565 784 1626 neque
805 1553 934 1612 dictator
953 1567 1055 1629 neque

70 1636 180 1696 consul
207 1651 309 1710 neque
335 1642 459 1710 praetor
485 1651 537 1696 res
563 1637 729 1710 gessisset,
754 1636 962 1712 triumpharet.
996 1653 1054 1713 pro

69 1721 200 1782 consule
221 1719 304 1780 illum
318 1719 499 1794 Hispaniam
518 1720 723 1795 provinciam,
746 1736 807 1780 non
829 1723 988 1781 consulem
1002 1729 1056 1782 aut

68 1811 244 1879 praetorem
266 1803 445 1864 obtinuisse.
482 1804 701 1864 decurrebatur
714 1809 816 1864 tamen
832 1821 885 1880 eo,
907 1813 941 1866 ut
955 1821 1054 1866 ovans

69 1887 175 1949 urbem
198 1887 301 1962 iniret,
322 1886 530 1949 intercedente
547 1888 590 1946 Ti.
608 1887 789 1963 Sempronio
804 1889 910 1964 Longo
932 1890 1053 1950 tribuno

67 1973 177 2048 plebis,
195 1973 247 2048 qui
259 1971 353 2034 nihilo
365 1974 463 2047 magis
475 1971 507 2032 id
518 1987 604 2032 more
615 1972 763 2033 maiorum
776 1979 829 2032 aut
836 1974 898 2032 ullo
910 1975 1053 2047 exemplo

67 2059 203 2118 futurum
219 2055 343 2116 diceret.
366 2063 524 2132 postremo
538 2057 639 2129 uictus
654 2071 811 2117 consensu
825 2063 945 2131 patrum
959 2057 1053 2115 tribu-

67 2158 125 2202 nus
145 2141 259 2210 cessit;
282 2147 366 2201 etex
381 2148 506 2201 senatus
523 2141 664 2202 consulto
679 2141 713 2200 L.
727 2141 874 2201 Lentulus
891 2155 988 2200 ovans
1003 2157 1051 2200 ur-

67 2225 136 2286 bem
158 2231 208 2286 est
227 2225 397 2300 ingressus.
432 2226 549 2300 argenti
569 2227 637 2286 tulit
657 2241 695 2284 ex
716 2225 831 2299 praeda
853 2225 1053 2300 quadraginta

67 2311 122 2369 tria
142 2310 228 2369 milia
248 2309 369 2384 pondo,
391 2310 457 2369 auri
480 2310 540 2370 duo
562 2311 644 2370 milia
666 2309 889 2384 quadringenta
904 2309 1053 2384 quinqua·

68 2396 158 2468 ginta.
180 2393 326 2454 militibus
342 2409 381 2453 ex
396 2395 513 2469 praeda
528 2402 649 2456 eentum
663 2393 769 2468 viginti
784 2409 873 2454 asses
889 2394 999 2454 divisit.

147 2478 227 2538 XXl.
250 2478 315 2537 lam
336 2478 489 2539 exercitus
505 2478 677 2539 consularis
693 2477 731 2536 ab
746 2477 867 2537 Arretio
883 2478 1053 2536 Ariminum

70 2562 264 2622 transductus
280 2569 358 2634 eret,
386 2569 416 2622 et
431 2563 566 2638 quinque
580 2561 663 2622 milia
678 2561 796 2622 socium
810 2560 907 2619 Latini
922 2559 1053 2620 nominis

70 2661 107 2704 ex
118 2646 217 2706 Gallia
231 2646 262 2705 in
273 2645 422 2706 Etruriam
435 2647 626 2706 transierant.
649 2645 752 2718 itaque
763 2643 922 2717 hilurius,
934 2643 1053 2719 magnis

71 2729 227 2790 itineribus
243 2729 282 2789 ab
293 2731 430 2791 Arimino
446 2731 596 2791 adversus
609 2729 713 2790 Gallos
726 2728 904 2790 Cremonam
918 2734 982 2787 tum
1000 2727 1053 2788 obm

71 2814 204 2875 sidentes
226 2815 404 2889 proiectus*
424 2822 526 2875 eastra
546 2814 628 2874 mille
649 2813 883 2888 quingentorum
905 2828 1053 2888 passuum

71 2897 228 2958 intervallo
251 2897 291 2957 ab
305 2897 396 2962 hoste
416 2899 528 2973 posuit.
565 2897 688 2958 occasio
704 2897 827 2972 egregie
841 2897 884 2956 rei
900 2898 1053 2972 gerendae

72 2980 137 3056 tuit,
160 2983 187 3042 si
208 2982 349 3057 protinus
370 2981 477 3042 devia
498 2983 538 3042 ad
559 2990 659 3042 castra
679 2981 889 3056 oppugnanda
904 2981 1053 3042 duxisset.

74 3065 162 3138 palati
184 3065 302 3142 passim
323 3064 513 3141 vagabantur
535 3081 590 3142 per
606 3081 698 3140 agros
713 3067 796 3126 nullo
812 3066 888 3126 satis
903 3065 990 3126 firmo
1005 3080 1050 3124 re·

74 3147 140 3210 licto
161 3149 328 3225 praesidio.
364 3151 536 3212 lassitudini
557 3150 682 3210 militum
702 3149 814 3224 timuit,
838 3151 922 3224 quod
943 3150 1053 3224 raptim

74 3231 194 3294 ductum
209 3249 318 3310 agmen
334 3241 408 3294 erat.
433 3235 509 3295 Galli
525 3236 658 3295 clamore
673 3249 798 3296 suorum
814 3249 853 3293 ex
868 3233 949 3308 agris
964 3248 1052 3292 rovo·
1067 3264 1068 3268 =

75 3315 131 3376 cati
145 3319 260 3379 omissa
275 3319 406 3394 praeda,
430 3319 554 3394 quaein
569 3318 710 3379 manibus
726 3325 799 3391 erat,
826 3325 928 3376 castra
941 3314 1052 3389 repeti-

76 3415 159 3475 vere,
179 3409 210 3463 et
231 3410 357 3478 postero
380 3403 429 3462 die
450 3404 480 3463 in
502 3403 598 3462 aciem
620 3402 788 3478 progressi.
823 3416 881 3459 nec
894 3400 1053 3459 Romanus

78 3495 184 3545 moram
206 3487 365 3562 pugnandi
386 3487 465 3547 iecit.
499 3487 556 3548 sed
578 3486 628 3546 vix
651 3488 782 3562 spatium
797 3483 968 3543 instruendi
983 3482 1052 3543 luit.

119 3583 142 3625 r.
162 3586 223 3629 arvi
246 3587 323 3631 raas
346 3570 398 3629 lV.
829 3573 847 3627 2
