2506 3898
157 213 220 280 318
300 215 417 278 LIBER
429 215 593 276 xxxvttl.
614 215 698 278 cAP.
714 226 741 278 1.
752 224 780 278 2.
803 221 836 290 [a.
853 221 886 274 U.
899 240 923 274 c.
936 222 1000 290 56³]

158 370 321 434 immodico
343 368 471 445 imperio
491 368 679 429 desiderirun
699 366 893 448 Amynandri
913 369 1059 430 fecerant.
1089 385 1142 431 ex·

158 455 269 518 sulauti
288 463 351 515 tum
364 452 566 531 Amphandro
580 453 611 512 iu
630 452 752 514 Aetolia
773 453 879 514 litteris
900 467 1042 528 suorum,
1065 454 1143 514 indi-

158 539 289 602 cantium
305 544 416 598 statum
426 536 635 610 Athamaniae,
650 551 725 611 spes
739 534 944 612 recuperandi
957 537 1046 612 regui
1063 538 1144 600 lacta
1243 551 1244 592 2

157 630 214 684 est.
236 622 420 698 remissique
434 619 530 682 nuntii
544 621 584 681 ab
599 636 637 682 eo
653 621 694 681 ad
707 621 865 696 principes
876 619 1144 695 Argitheam-id
1243 641 1244 662 l

157 707 238 768 enim
262 713 356 782 caput
375 701 576 766 Athamaniae
599 712 731 779 erat-,
756 706 783 764 si
805 705 1000 780 popularium
1021 707 1144 767 animos

157 792 232 854 satis
255 795 437 866 perspectos
451 788 593 863 haberet,
614 787 776 864 impetrato
791 789 831 849 ab
844 789 964 849 Aetolis
978 790 1094 851 auxilio
1109 787 1143 849 in
1243 793 1244 800 ’

155 873 368 938 Athamaniam
389 887 424 934 se
438 878 600 933 venturum
614 888 684 932 cum
698 873 826 934 delectis
839 873 1032 948 Aetolorum,
1057 874 1146 948 quod

156 957 317 1021 consilium
332 965 417 1018 esset
430 957 539 1034 gentis,
556 963 586 1017 et
595 955 749 1018 Nicandro
765 963 916 1032 praetore.
940 973 1020 1033 quos
1034 955 1091 1018 ubi
1103 957 1145 1018 ad

157 1041 259 1104 omnia
273 1049 399 1120 paratos
413 1056 486 1104 esse
500 1041 589 1114 vidit,
606 1039 753 1102 certiores
769 1040 900 1102 subinde
915 1040 996 1116 lacit,
1013 1057 1077 1117 quo
1092 1042 1145 1101 die
1243 1039 1244 1100 l

157 1143 225 1188 curn
249 1128 387 1190 exercitu
407 1125 619 1188 Athamaniam
642 1125 839 1200 ingressurus
864 1132 957 1186 esset.
996 1132 1146 1200 quattuor

158 1213 254 1288 primo
270 1213 391 1273 luerunt
405 1209 554 1272 coniurati
564 1211 715 1270 adversus
726 1209 928 1272 Macedonum
942 1211 1144 1284 praesidium.

156 1296 187 1356 hi
203 1311 296 1357 senos
318 1294 377 1358 sibi
394 1295 551 1356 adiutores
567 1294 686 1354 adrem
700 1294 867 1368 gerendam
881 1292 1143 1369 adsumpserunt;

157 1381 227 1441 dein
243 1379 396 1456 paucitate
411 1395 520 1454 parum
536 1379 612 1453 freti,
629 1393 709 1454 quae
724 1379 872 1439 celandae
884 1378 929 1437 rei
942 1393 1036 1453 quarn
1048 1393 1143 1454 agen·

156 1464 215 1525 dae
235 1463 333 1540 aptior
353 1471 431 1534 erat,
458 1478 563 1538 parem
584 1463 679 1537 priori
701 1479 859 1524 numerum
879 1459 1070 1524 adiecerunt
1094 1463 1143 1534 ‚aa

156 1548 217 1608 duo
230 1555 260 1608 et
271 1546 493 1622 quinquaginta
502 1547 574 1606 lacti
586 1547 804 1622 quadrifariam
815 1563 850 1608 se
862 1545 1051 1608 diviseruntr
1067 1563 1142 1623 pars

155 1647 216 1692 una
236 1632 431 1703 Heracleam,
452 1631 547 1690 altera
566 1631 793 1710 Tetraphyliam
815 1629 903 1706 petit,
924 1631 976 1692 ubi
997 1631 1140 1693 custodia

155 1715 258 1792 regiae
269 1713 420 1790 pecuniae
431 1729 503 1776 esse
514 1715 605 1776 solita
616 1723 689 1790 erat,
705 1717 793 1777 tertia
801 1715 1015 1786 Theudoriam,
1030 1724 1139 1792 quarta

157 1798 340 1875 Argitheam.
362 1799 404 1860 ita
414 1799 492 1862 inter
503 1799 602 1862 omnis
614 1799 768 1872 convenil,
783 1808 816 1861 ut
828 1800 926 1875 primo
939 1799 1043 1875 quieti,
1056 1800 1142 1860 velut

155 1884 193 1944 ad
210 1883 358 1959 privatam
372 1899 438 1944 rem
452 1885 603 1960 agendam
616 1886 789 1957 venissent,
805 1886 836 1944 in
851 1885 918 1944 foro
934 1885 1140 1946 obversaren-

156 1975 218 2038 tur3
241 1969 291 2030 die
306 1975 389 2030 certa
403 1969 623 2030 multitudinem
639 1983 760 2030 omnem
775 1975 983 2030 convocarent
997 1970 1038 2030 ad
1049 1985 1139 2045 prae

155 2049 234 2113 sidia
245 2053 447 2114 Macedonum
462 2055 584 2114 arcibus
600 2053 794 2129 expellenda.
816 2053 868 2113 ubi
886 2053 1001 2112 eadies
1013 2053 1141 2114 advenit

155 2141 184 2194 et
197 2137 397 2214 Amynander
412 2153 480 2196 cum
495 2137 576 2196 mille
589 2136 708 2198 Aetolis
724 2138 754 2197 in
769 2137 882 2198 tinibus
898 2145 977 2212 erat,
1000 2153 1040 2198 ex
1056 2154 1140 2198 com-

155 2219 257 2292 posito
272 2227 414 2294 quattuor
425 2221 514 2280 simul
526 2221 604 2281 locis
615 2221 772 2296 praesidia
779 2221 983 2282 Macedonum
996 2223 1140 2298 expulsa,

154 2302 333 2378 litteraeque
347 2301 378 2362 in
393 2303 468 2364 alias
483 2304 577 2367 urbes
593 2307 709 2381 passim
725 2307 885 2378 dimissae,
900 2313 934 2367 ut
946 2306 1141 2367 vindicarent

153 2400 225 2446 sese
247 2387 287 2447 ab
307 2387 466 2464 impotenti
484 2388 692 2451 dominatione
703 2389 835 2465 Philippi
850 2395 881 2448 et
894 2390 1094 2452 restituerent
1108 2390 1138 2449 in
1243 2371 1244 2398 ³

152 2469 283 2545 patrium
297 2487 334 2534 ac
348 2472 513 2550 legitimum
523 2491 661 2552 regnum.
683 2475 820 2548 undique
830 2472 1018 2536 Macedones
1030 2476 1139 2550 expel-

152 2556 264 2616 luntur.
284 2556 409 2618 Theium
424 2559 570 2634 oppidum
586 2559 691 2620 litteris
706 2559 864 2620 aXenone
877 2559 1033 2633 praelecto
1048 2573 1138 2634 prae

153 2639 224 2701 sidii
244 2641 421 2717 interceptis
442 2651 473 2704 et
493 2659 564 2704 arce
584 2644 622 2704 ab
642 2643 735 2719 regiis
758 2650 910 2718 occupata
930 2659 1050 2718 paucos
1069 2643 1138 2704 dies

154 2723 368 2786 obsidentibus
390 2726 513 2798 restitit,
546 2725 658 2787 deiude
677 2727 709 2788 id
730 2743 856 2802 quoque
875 2727 1018 2787 traditum
1039 2728 1138 2804 Amy·

151 2809 269 2868 nandro
290 2815 353 2882 est,
377 2817 407 2869 et
427 2811 526 2871 omnis
540 2810 721 2870 Athamania
741 2810 780 2884 in¹
792 2817 944 2886 potestate
965 2819 1031 2872 erat
1046 2825 1137 2886 prae-

154 2897 199 2950 ter
212 2891 403 2952 Athenaeum
418 2893 590 2966 castellum,
611 2893 723 2954 linibus
737 2895 938 2957 Macedoniae
953 2893 1136 2956 subiectum.

151 2973 187 3033 M.
205 2972 365 3050 Philippus
380 2975 485 3036 audita
499 2975 672 3038 delectione
683 2979 884 3040 Athamaniae
899 2994 968 3040 cum
984 2995 1041 3039 sex
1058 2979 1135 3040 rnili-

153 3057 210 3119 bus
225 3067 409 3120 armatorum
423 3061 581 3136 proiectus
596 3059 711 3138 ingenti
726 3062 881 3126 celeritate
893 3063 1053 3139 Gomphos
1065 3079 1134 3138 per·

150 3143 243 3203 venit.
265 3143 306 3203 ibi
320 3142 427 3205 relicta
441 3143 557 3206 maiore
568 3153 655 3221 parte
666 3146 875 3208 exercitus-
886 3163 988 3223 neque
1000 3146 1082 3206 enim
1094 3147 1137 3207 ad

153 3233 235 3288 tanta
258 3228 366 3290 itinera
393 3229 629 3290 sufficerent-
643 3247 712 3291 cum
737 3231 859 3302 duobus
887 3229 1010 3292 milibus
1038 3229 1134 3290 Athe

151 3325 271 3385 naeum,
289 3313 374 3388 quod
388 3329 483 3374 unum
498 3331 516 3374 a
531 3314 687 3389 praesidio
703 3332 761 3376 suo
775 3321 926 3377 retentum
939 3315 1047 3387 fuerat,
1064 3329 1142 3390 per-x

151 3393 242 3454 venit.
266 3396 337 3455 inde
349 3397 496 3472 proximis
512 3399 664 3473 temptatis
680 3415 747 3459 cum
762 3399 852 3460 lacile
865 3399 1136 3461 animadvertisset

153 3481 254 3534 mnua
274 3477 396 3540 hostilia
411 3497 497 3558 esse,
519 3480 676 3558 Gomphos
694 3499 856 3562 regressus
870 3481 1018 3545 ‘omnibus
1032 3480 1133 3558 copiis
1243 3525 1244 3572 ,
