2506 3898
246 173 363 236 LIBER
373 173 535 234 XXXVIII.
561 173 644 232 cAP.
657 181 700 236 ia.
711 182 756 236 44.
779 181 936 250 [a.C.18'1]
1013 128 1078 241 359

86 328 242 389 Manlum
256 341 276 385 a
288 325 390 400 Gallis,
405 326 508 401 ipsum
519 325 560 385 Μ.
572 324 712 386 Fulvium
726 325 764 386 ab
775 327 893 388 Aetolis
908 333 939 388 et
949 327 1076 405 Cephal-

86 413 196 473 leniae
218 409 345 485 populis
365 409 506 473 accusari
526 415 722 484 pateremura
748 408 963 484 „Ambraciam
978 429 1077 488 oppu-

87 501 220 568 gnatam
234 501 266 554 et
280 499 416 568 captam,
431 499 463 552 et
477 491 565 566 signa
578 491 649 555 inde
663 499 904 569 ornamentaque
917 495 1033 570 ablata,
1049 503 1076 556 et

27 601 30 608 ·
89 587 200 639 cetera
219 576 301 638 lacta
320 591 401 651 quae
420 575 519 650 captis
532 575 661 637 urbibus
675 575 809 648 soleant,
831 584 1012 652 negaturum
1026 586 1078 639 aut

30 684 35 693 ·
88 676 146 722 rne
161 676 218 735 pro
232 658 273 718 M.
287 658 395 720 milvio
413 666 464 718 aut
477 659 580 734 ipsum
592 658 634 718 Μ.
647 659 787 720 Fulvium
802 660 950 734 censetis,
972 668 1076 736 patres

88 742 272 818 conscribti,
281 743 334 818 qui
345 742 385 803 ob
396 741 453 802 has
464 757 515 804 res
527 748 632 816 gestas
643 741 828 817 triumphum
841 743 958 804 avobis
969 752 1076 819 postu·

86 828 212 888 laturus
227 823 275 900 sit,
289 823 484 888 Ambraciam
498 831 627 900 captam,
643 826 795 901 signaque
810 841 889 902 quae
904 827 1006 888 ablata
1020 829 1076 886 cri-

19 987 20 990 *
86 909 261 983 minantur,
283 917 313 970 et
327 909 544 984 ceteraspolia
556 909 622 970 eius
635 909 724 972 urbis
737 915 808 970 ante
823 925 943 972 currum
959 911 1076 972 laturus

87 999 124 1054 et
139 993 258 1054 fixurus
279 993 311 1052 in
331 990 473 1067 postibus
493 991 582 1054 suist
602 991 676 1052 nihil
690 997 739 1052 est
756 991 841 1067 quon
854 1009 890 1052 se
904 994 944 1054 ab
957 994 1076 1058 Aetolis

88 1083 256 1152 separante
279 1076 387 1136 eadem
397 1074 662 1146 Ambraciensium
676 1081 706 1136 et
715 1075 896 1136 Aetolorum
909 1091 1004 1138 causa
1018 1086 1077 1140 esa

87 1159 199 1235 itaque
214 1161 332 1233 collega
345 1174 433 1218 meus
448 1159 497 1218 vel
511 1158 548 1222 in,
557 1157 618 1220 alia
630 1174 726 1220 causa
739 1158 909 1220 inimicitias
925 1170 1075 1236 exerceat,

87 1244 146 1302 vel
166 1244 194 1303 si
213 1241 245 1302 in
265 1242 325 1304 hac
342 1242 448 1316 utique
461 1241 592 1315 mavult,
613 1241 743 1304 retineat
755 1241 985 1305 Ambraciensis
999 1260 1075 1306 suos

91 1328 129 1386 in
150 1327 314 1389 adventum
327 1325 368 1386 M.
382 1323 490 1389 Fulvii.
526 1339 586 1400 ego
606 1341 663 1385 nec
678 1327 718 1386 de
730 1326 1003 1389 Ambraciensibus
1018 1343 1076 1389 neo

90 1410 136 1469 de
153 1410 272 1471 Aetolis
293 1409 418 1470 decerni
439 1411 601 1486 quicquam
622 1408 749 1470 absente
763 1409 805 1468 Μ.
819 1409 927 1471 Fulvio
947 1411 1076 1486 patiar.“

87 1492 199 1553 XLIV.
228 1508 297 1554 cum
311 1492 460 1554 Aemilius
481 1493 621 1553 callidam
640 1493 783 1554 maiitiam
797 1493 910 1554 inimici
924 1496 1008 1556 velut
1020 1509 1075 1554 no·

89 1583 158 1638 tam
174 1577 314 1640 omnibus
328 1575 529 1650 insimularet,
546 1585 578 1638 et
590 1585 711 1654 tempus
726 1593 796 1640 eum
810 1579 960 1640 morando
970 1583 1076 1639 extra·

90 1669 213 1722 uturum
229 1661 358 1736 diceret,
379 1677 420 1722 na
433 1664 560 1724 consule
574 1663 696 1724 inimico
711 1662 840 1724 Romam
854 1661 986 1736 veniret,
1010 1677 1076 1722 cer·

88 1743 207 1806 tamine
227 1745 388 1806 consulum
401 1744 526 1808 biduum
540 1745 734 1820 absumptum
749 1752 805 1806 est
841 1761 898 1806 nec
912 1752 1077 1822 praesente

90 1827 242 1892 Flaminio
258 1827 384 1886 decerni
399 1827 564 1902 quicquam
577 1828 738 1889 videbatur
752 1845 857 1904 posse.
887 1837 1008 1905 captata
1023 1845 1075 1890 oc·

93 1911 182 1971 casio
197 1917 253 1984 est,
269 1925 338 1972 cum
351 1925 445 1985 aeger
458 1911 536 1972 forte
546 1909 710 1972 Flaminius
723 1911 861 1982 abessem
884 1920 915 1972 et
924 1914 1077 1972 referente

92 1994 224 2054 Aemilio
241 1995 554 2059 senatusconsultum
566 1995 678 2056 lactum
690 2000 746 2067 est,
760 2000 795 2055 ut
804 1993 1076 2054 Ambraciensibus

93 2094 170 2138 suae
183 2093 235 2137 res
250 2092 358 2138 omnes
371 2078 590 2149 redderentum
603 2079 633 2138 in
645 2079 783 2138 libertate
794 2084 899 2138 essent
909 2093 946 2138 ac
956 2077 1077 2152 iegibus

95 2162 161 2222 suis
175 2167 349 2230 merentum
371 2163 508 2238 portoria
523 2178 604 2238 quae
617 2163 731 2223 vellent
743 2170 825 2224 terra
834 2162 973 2236 marique
983 2175 1074 2235 cape·

91 2252 175 2319 rent,
197 2246 270 2305 dum
291 2259 397 2304 eorum
417 2248 566 2308 immunes
581 2246 712 2308 Romani
727 2261 763 2306 ac
777 2245 855 2307 socii
873 2245 1004 2306 nominis
1019 2244 1076 2303 La-

94 2329 149 2390 tini
164 2337 279 2392 essent.
301 2329 390 2402 signa
404 2329 525 2404 aliaque
541 2337 718 2390 ornamenta
733 2346 813 2404 quae
825 2337 1024 2404 quererentur
1036 2343 1077 2385 ex

95 2412 225 2473 aedibus
247 2411 345 2474 sacris
361 2412 483 2472 sublata
496 2428 582 2484 esse,
604 2414 645 2472 de
658 2411 712 2486 iis,
734 2427 803 2471 cum
816 2412 858 2471 Μ.
872 2411 997 2472 Fulvius
1011 2413 1074 2470 Ro·

91 2511 174 2556 mam
187 2495 380 2570 revertisset,
396 2497 520 2570 placere
534 2496 574 2556 ad
589 2493 751 2569 collegium
766 2495 943 2569 pontificum
956 2493 1074 2565 reierri,

92 2587 124 2641 et
139 2580 224 2656 quod
245 2579 266 2638 ii
281 2579 478 2640 censuissent
496 2577 572 2639 lieri.
606 2593 707 2653 neque
726 2577 775 2638 his
791 2583 950 2638 contentus
966 2578 1076 2637 consul

92 2662 159 2738 luit,
173 2662 231 2724 sed
245 2669 356 2738 postea
373 2679 428 2738 per
441 2662 673 2738 infrequentiam
687 2661 798 2722 adiecit
812 2666 936 2721 senatus
952 2661 1075 2720 consul-

92 2755 166 2821 tum,
181 2747 375 2806 Ambraciam
391 2762 452 2806 non
469 2745 565 2806 sideri
578 2745 608 2804 vi
624 2751 744 2821 captam
759 2759 839 2804 esse.

179 2828 369 2906 snpplicatio
384 2829 455 2890 inde
470 2845 510 2890 ex
524 2829 766 2890 decemvirorum
781 2829 904 2888 decreto
920 2843 977 2904 pro
991 2825 1075 2886 vaie-

92 2915 199 2975 tudine
213 2915 322 2989 popuii
336 2930 393 2988 per
406 2913 538 2976 triduum
553 2913 616 2984 luit,
634 2913 706 2989 quia
719 2913 822 2988 gravis
838 2910 1011 2986 pestilentia
1024 2926 1075 2972 ur·

92 2997 163 3058 bem
179 3003 272 3072 atque
286 3013 379 3073 agros
392 2998 542 3058 vastabat.
572 2997 698 3059 Labnao
712 2996 784 3056 indo
798 2997 928 3058 luerunt.
962 2993 1076 3070 quibus

92 3080 294 3156 religionibus
308 3081 426 3142 liberati
440 3080 594 3154 consules,
608 3087 640 3140 et
654 3079 767 3140 dilectu
782 3080 919 3154 perlecto
930 3076 1074 3136 -novis

92 3164 172 3225 enim
191 3171 322 3240 uterque
344 3164 447 3224 maluit
460 3161 504 3224 uti
519 3162 662 3223 militibus
672 3195 730 3237 -,
749 3163 781 3222 in
795 3161 986 3238 provinciam
1002 3175 1074 3235 pro-

93 3247 165 3308 lecti
179 3255 258 3323 sunt,
272 3255 459 3323 veteresque
473 3261 581 3308 omnes
595 3245 783 3308 dimiserunt.

175 3332 251 3393 Post
265 3332 426 3394 consulum
446 3329 667 3406 protectionem
682 3329 733 3390 Cn.
748 3327 881 3390 Manlius
905 3328 1073 3402 proconsul

91 3417 219 3478 Romam
234 3416 333 3482 venit.
356 3415 405 3483 cui
420 3430 488 3477 cum
503 3414 541 3474 ab
556 3411 621 3474 Ser.
638 3410 775 3490 Sulpicio
789 3417 931 3490 praetore
946 3418 1073 3470 senatus
