2482 3900
272 253 388 314 LIBER
401 252 519 312 XXXII.
542 249 625 310 CAP.
639 258 683 314 30.
694 259 738 313 31.
761 258 798 325 [a.
813 257 847 316 C.
863 259 924 326 let]
1048 253 1088 317 75

105 404 238 468 sublads
253 412 306 466 aut
320 407 430 466 domos
441 403 576 465 redirent
589 412 642 465 aut
653 406 693 465 ad
703 405 860 467 Romanos
872 405 1044 470 transirent.
1059 419 1089 470 et

103 489 140 550 id
155 488 281 564 quidem
295 487 450 564 impetrari
464 487 591 564 nequiit.
623 488 654 548 in
669 488 701 548 id
716 489 794 550 lides
810 491 881 550 data
896 490 1017 552 consuli
1032 501 1089 565 est,

105 571 187 634 utin
202 570 270 632 acie
284 579 337 632 aut
351 571 559 648 quiescerent,
581 579 633 633 aut
653 573 679 634 si
695 589 756 649 qua
769 571 860 633 etiam
875 574 998 636 occasio
1015 575 1089 637 luis·

106 664 166 729 set,
183 654 364 716 adiuvarent
377 656 545 716 Romanos.
588 655 665 716 haec
686 655 728 715 ita
743 655 928 718 convenisse
942 659 1088 720 Insubres

106 739 306 814 ignorabant:
328 739 454 800 suberat
474 738 575 800 tamen
597 740 748 814 quaedam
766 737 904 817 suspicio
920 741 1030 803 animis
1045 743 1088 802 la·

103 823 184 883 bare
204 821 298 882 fidem
319 821 482 883 sociorum.
528 821 631 898 itaque
653 837 722 882 cum
740 821 771 881 in
786 823 883 884 aciem
898 824 1089 898 eduxissent,

107 912 251 967 neutrum
265 905 303 966 iis
319 921 414 966 cornu
429 904 616 966 committere
630 905 714 980 ausi,
737 921 776 965 ne
791 906 817 968 si
832 908 904 969 dolo
920 909 1090 970 cessissent

107 1006 175 1050 rem
188 997 284 1050 totam
298 987 486 1060 inclinarent
502 997 575 1064 post
589 989 677 1065 sIgna
692 989 722 1049 in
735 989 882 1050 subsidiis
897 1007 953 1053 eos
966 995 1088 1053 locave-

108 1081 189 1134 runt.
232 1073 340 1133 consul
354 1071 507 1148 principio
520 1089 642 1149 pugnae
657 1072 742 1133 vovit
756 1074 864 1133 aedem
882 1074 1026 1150 Sospitae
1040 1077 1088 1136 lu-

109 1155 193 1232 noni,
209 1155 236 1216 si
250 1172 289 1217 eo
306 1155 355 1216 die
370 1156 476 1218 hostes
491 1154 552 1216 lusi
567 1155 724 1232 fugatique
740 1155 879 1217 luissent.
911 1174 930 1216 a
944 1157 1089 1219 militibus

113 1242 231 1302 clamor
244 1239 383 1300 sublatus
398 1248 572 1315 compotem
586 1239 651 1300 voti
666 1240 823 1300 consulem
840 1241 1039 1314 selecturus,
1060 1249 1091 1300 et

109 1323 243 1400 impetus
258 1323 289 1382 in
304 1323 402 1384 hostis
418 1331 465 1384 est
480 1325 588 1383 lactus.
631 1339 693 1384 non
716 1324 849 1386 tulerunt
868 1324 1014 1384 Insubres
1029 1322 1090 1398 pri·

110 1425 194 1470 mum
209 1423 403 1486 concursum.
432 1405 556 1483 quidam
571 1413 602 1467 et
616 1423 634 1466 a
650 1405 842 1478 Cenomanis,
859 1415 944 1482 terga
961 1414 1090 1482 repente

110 1492 141 1553 in
158 1491 228 1567 ipso
241 1490 405 1552 certamine
416 1489 584 1565 adgressis,
602 1491 759 1551 tumultum
771 1489 934 1566 ancipitem
946 1488 1090 1551 iniectum

110 1583 256 1637 auctores
272 1581 352 1648 sunt,
368 1589 523 1650 caesaque
537 1573 567 1632 in
583 1573 685 1634 medio
702 1573 839 1650 quinque
855 1583 885 1634 et
899 1573 1021 1650 triginta
1035 1571 1089 1633 mi-

111 1660 153 1720 lia
166 1657 314 1728 hostium,
338 1655 474 1733 quinque
494 1655 576 1716 milia
597 1666 627 1718 et
642 1659 791 1719 ducentos
806 1656 896 1718 viros
912 1668 1038 1734 captos,
1058 1656 1089 1717 in

111 1742 150 1802 iis
170 1740 372 1802 Hamilcarem
388 1740 560 1801 Poenorum
579 1739 809 1816 imperatorem,
837 1740 889 1818 qui
908 1741 980 1802 belli
995 1757 1091 1802 causa

112 1825 236 1896 fuissem
259 1823 348 1899 signa
362 1823 502 1884 militaria
519 1833 641 1885 centum
654 1823 777 1902 triginta
791 1835 822 1886 et
836 1834 982 1900 carpenta
995 1842 1090 1901 supra

110 1911 249 1971 ducenta.
290 1911 404 1986 oppida
424 1907 592 1982 Gallorum,
616 1923 695 1983 quae
709 1907 871 1969 Insubrum
887 1908 1091 1970 delectionem

112 2001 219 2056 secuta
234 2001 328 2065 erant,
344 1991 527 2052 dediderunt
541 2007 576 2052 se
587 1991 744 2052 Romanis.

191 2077 296 2136 XXXI.
310 2075 463 2142 Miuucius
479 2077 587 2136 consul
602 2073 699 2151 primo
715 2073 824 2136 eliusIs
839 2072 1090 2150 populationibus

115 2163 331 2238 peragraverat
345 2159 416 2220 finis
431 2158 592 2230 Boiorum;
609 2158 721 2220 deinde
736 2167 769 2220 ut
782 2157 897 2220 relictis
911 2157 1091 2220 Insubribus

114 2246 153 2304 rd
166 2261 224 2306 sua
238 2245 352 2306 tuenda
365 2251 546 2318 receperant
560 2259 646 2316 sese,
662 2242 772 2304 castriS
788 2259 823 2304 se
839 2241 950 2318 tenuit,
964 2241 1031 2303 acie
1046 2240 1091 2302 di·

113 2327 287 2389 micandum
301 2343 371 2388 cum
388 2327 478 2388 hoste
491 2335 585 2388 ratus.
625 2343 682 2387 nec
702 2325 771 2387 Beli
792 2326 1016 2388 detrectassent
1035 2342 1091 2402 pu-

113 2429 221 2488 gnam,
246 2409 277 2470 ni
298 2412 378 2470 tama
391 2410 537 2471 Insubres
557 2410 657 2471 victos
679 2411 780 2470 adlata
800 2409 920 2471 animos
940 2408 1091 2484 fregisset.

112 2496 217 2572 itaque
238 2493 343 2555 relicto
370 2495 449 2554 duce
475 2491 648 2570 castrisque
670 2491 812 2568 dissipati
835 2510 891 2568 per
910 2492 1014 2564 vicos,
1036 2507 1092 2552 sua

116 2579 249 2655 quisque
262 2585 296 2638 ut
310 2577 524 2649 defenderent,
543 2577 692 2638 rationem
706 2575 833 2650 gerendi
847 2575 919 2636 belli
932 2573 1014 2636 hosti
1027 2591 1092 2634 mu-

114 2669 224 2724 tarunt.
269 2661 384 2723 omissa
399 2661 479 2721 enlm
494 2677 553 2736 spe
568 2677 625 2736 per
637 2675 730 2720 unam
742 2657 967 2720 dimicationem
980 2656 1026 2718 rei
1040 2658 1093 2717 de·

113 2745 298 2824 cernendae,
312 2761 420 2806 rursus
436 2744 579 2820 populari
592 2759 685 2820 agros
701 2749 732 2804 et
745 2759 835 2804 urere
849 2751 929 2804 tecta
942 2740 1093 2818 vicosque

87 2859 89 2866 ¹
112 2845 293 2906 expugnare
308 2827 420 2910 coepit.
442 2843 498 2903 per
512 2828 639 2888 eosdem
651 2825 719 2888 dies
732 2827 909 2888 Clastidium
923 2827 1092 2888 incensum.

113 2913 184 2976 iude
198 2911 415 2988 tntigusunos
425 2912 546 2984 Ilvates
564 2911 617 2988 qui
632 2909 691 2972 soli
705 2927 767 2972 non
783 2911 940 2988 parebant,
956 2909 1093 2985 legiones

113 2999 235 3058 ductae.
276 3012 313 3056 ea
334 3009 548 3071 quoquegens
563 3004 596 3056 ut
609 2995 755 3056 Insubres
776 2994 843 3056 acie
863 2995 978 3067 victos,
998 2992 1094 3054 Boios

112 3082 178 3156 ita,
189 3089 224 3142 ut
238 3087 388 3155 temptare
409 3095 497 3154 spem
518 3077 691 3140 certaminis
706 3095 767 3138 non
782 3079 944 3150 auderent,
970 3075 1094 3138 territos

111 3162 240 3237 audivit,
255 3163 287 3224 in
303 3162 456 3224 dicionem
467 3162 560 3223 venit.
580 3163 697 3224 litterae
709 3165 870 3224 consulum
881 3161 1039 3223 amborum
1055 3159 1093 3216 de

110 3249 206 3310 rebus
222 3247 253 3308 iu
269 3243 366 3308 Gallia
381 3245 476 3322 gestis
492 3261 642 3322 prospere
663 3245 721 3306 sub
736 3243 817 3306 idem
831 3255 951 3320 tempus
965 3243 1094 3302 Romam

113 3333 247 3393 adlatae.
289 3331 330 3391 M.
348 3327 474 3406 Sergius
490 3339 614 3404 praetor
627 3328 713 3390 urbis
728 3327 758 3388 in
774 3338 883 3390 senatu
897 3342 967 3396 eas,
982 3323 1094 3384 deinde

111 3433 152 3476 ex
167 3412 349 3477 auctoritate
363 3421 481 3488 patrum
502 3415 542 3474 ad
564 3414 711 3489 populum
725 3411 872 3475 recitavit.
910 3405 1103 3484 suppleatis

111 3499 142 3559 in
159 3497 366 3576 quadriduum
382 3498 515 3558 decreta.
