2506 3898
194 202 260 268 aar
345 201 633 264 auunxxxvru.
656 199 814 263 caena.
837 197 1022 276 [aucae]

194 365 257 430 act,
278 363 309 416 et
323 356 453 415 ferream
473 353 606 414 fistulam
626 351 868 428 operculumque
888 348 962 410 dolii
976 349 1124 416 terreum.
1147 359 1174 409 ct

193 443 295 516 ipsum
309 438 447 515 pluribus
462 437 539 498 locis
554 437 750 512 perforatum,
765 435 912 508 lacerarat.
936 433 997 493 hoc
1010 433 1095 493 tenui
1109 434 1173 508 piu·

193 540 242 584 ma
256 523 441 598 completum
455 520 570 582 dolium
585 536 640 581 ore
653 520 685 580 in
700 516 874 579 cuniculum
887 531 981 578 verso
993 523 1173 592 posuerunt.

192 623 249 682 per
273 605 411 682 operculi
432 604 582 665 foramina
600 605 789 680 praelongae
809 600 933 676 hastae,
959 616 1036 676 ques
1059 599 1173 660 sarisas

192 697 320 762 vocant,
344 689 385 748 ad
405 688 648 749 summovendos
670 686 777 747 hostes
797 685 979 745 eminebant.
1013 683 1173 744 scintillam

191 777 290 834 levem
309 770 390 846 ignis
408 770 534 832 inditam
555 772 678 847 plumae
692 771 765 832 tolle
779 766 878 828 labrili
893 769 933 828 ad
948 775 1041 844 caput
1054 767 1175 828 fistulae

192 855 336 932 imposito
351 852 457 915 dando
472 855 688 916 accenderunt.
721 853 793 913 inde
807 868 869 912 non
884 852 985 914 solum
999 867 1114 927 magna
1126 849 1175 912 vis

191 939 281 1012 lumi,
303 938 361 998 sed
383 935 485 998 acrior
498 938 589 998 etiam
610 937 702 1000 loedo
725 935 860 1012 quodam
880 935 989 996 nidore
1010 951 1052 994 ex
1064 935 1176 996 adusta

191 1025 303 1100 pluma,
319 1035 390 1082 cum
400 1029 498 1083 totum
508 1022 680 1082 cuniculum
692 1022 887 1096 complesset,
902 1019 955 1079 vix
966 1020 1079 1080 durare
1090 1019 1175 1096 quis·
1244 1045 1245 1062 ι

192 1123 284 1182 quam
298 1107 380 1166 intus
396 1113 525 1180 poterat.

274 1190 355 1250 vlll.
379 1189 453 1250 Cum
473 1189 504 1248 in
521 1189 581 1249 hoc
595 1195 676 1248 statu
691 1189 731 1248 ad
744 1185 938 1247 Ambraciam
951 1201 1004 1247 res
1018 1197 1116 1263 esset,
1134 1191 1175 1250 le

191 1275 252 1351 gati
272 1275 311 1334 ab
325 1275 444 1333 Aetolis
458 1272 616 1332 Phaeneas
631 1279 662 1332 et
677 1271 852 1332 Damoteles
873 1287 944 1330 cum
963 1271 1069 1334 liberis
1091 1289 1176 1332 man-

191 1359 270 1420 datis
285 1357 409 1417 decreto
430 1357 530 1432 gentis
545 1355 585 1416 ad
600 1356 757 1416 consulem
770 1363 930 1416 venerunt
965 1371 1036 1414 nam
1051 1364 1177 1432 praetor

191 1456 298 1502 eorum
313 1455 382 1500 curn
392 1439 452 1499 alia
464 1448 551 1514 parte
560 1439 754 1499 Ambraciam
766 1439 938 1514 oppugnari
950 1449 1101 1512 cerneret,
1118 1441 1177 1500 alia

191 1525 332 1584 intestam
355 1538 441 1584 oram
461 1523 591 1583 navibus
605 1521 739 1585 hostium
754 1537 843 1595 esse,
864 1522 925 1582 elia
937 1523 1174 1599 Amphilochos,

189 1607 352 1682 Dolopiam
367 1621 387 1666 a
400 1604 622 1666 Macedonibus
637 1607 767 1680 vastari,
787 1621 846 1666 neo
860 1605 990 1670 Aetolos
1006 1609 1048 1667 ad
1060 1609 1121 1668 tria
1135 1610 1174 1668 si·

190 1692 252 1751 mul
273 1689 398 1750 diversa
416 1689 497 1750 bella
518 1692 710 1752 nocumentis
732 1690 891 1763 sulficere,
912 1699 1086 1753 convocato
1103 1708 1171 1753 con-

192 1775 259 1838 eilio
286 1774 416 1834 Aetolos
441 1773 598 1850 principes
622 1775 697 1850 quid
720 1773 874 1849 agendum
900 1783 984 1836 esset
1009 1776 1172 1838 consuluit.

190 1859 325 1920 oninium
339 1873 378 1918 eo
394 1859 563 1918 sentcntiae
576 1857 791 1928 decurrerunt,
806 1865 840 1918 ut
853 1873 930 1933 pax,
945 1858 973 1917 si
987 1867 1109 1934 posset,
1125 1876 1175 1920 ae

191 1942 277 2019 quis,
298 1942 461 2016 siminus,
483 1941 650 2004 tolerandis
667 1939 902 2004 condicionibus
917 1949 1082 2016 peteretur.
1112 1948 1174 2004 An·

190 2027 282 2089 tiochi
296 2025 412 2087 fiducia
425 2026 537 2086 bellum
553 2034 747 2102 susceptum:
769 2025 921 2086 Antiocho
936 2032 1018 2086 terra
1032 2028 1175 2104 marique

191 2118 334 2185 superato
361 2117 391 2168 ct
412 2125 511 2184 prope
535 2115 623 2169 extre
646 2109 752 2172 orbem
771 2117 871 2170 terrae
890 2109 970 2170 ultra
990 2111 1063 2186 iuga
1082 2113 1173 2174 Tauri

189 2200 297 2253 exacto
314 2208 405 2267 quam
420 2207 508 2266 spem
519 2207 591 2252 esse
602 2192 774 2254 sustinendi
785 2193 878 2254 bellit
898 2193 1058 2256 Phaeneas
1072 2197 1173 2258 etDa·

188 2277 315 2336 moteles
334 2275 420 2350 quod
433 2289 452 2334 e
465 2290 499 2334 re
510 2277 698 2352 Aetolorum,
714 2284 746 2338 ut
760 2276 790 2336 in
804 2276 857 2338 tali
872 2293 956 2349 casu,
973 2277 1102 2355 fideque
1117 2297 1174 2342 sua

188 2373 261 2418 esse
282 2365 458 2434 censerent,
479 2368 619 2434 egerente
649 2361 734 2438 quod
754 2360 835 2422 enim
856 2361 915 2420 sibi
937 2362 1104 2424 consilium
1125 2375 1176 2424 aut

188 2443 276 2505 ouius
291 2443 336 2504 rei
347 2443 858 2506 electionemalortunarelictamt
879 2459 947 2505 cum
958 2445 1174 2508 hismandetis

188 2528 279 2602 legati
292 2525 380 2588 missi
394 2543 484 2588 orare
499 2530 666 2604 consulem,
681 2536 715 2590 ut
729 2535 870 2604 parceret
880 2527 957 2603 urbi,
973 2529 1176 2592 misereretur

187 2612 288 2686 gentis
301 2611 457 2687 quondam
469 2613 584 2688 sociae,
597 2613 680 2674 nolle
691 2613 793 2673 dicere
803 2612 930 2685 iniuriis
942 2613 1077 2675 miseriis
1090 2621 1175 2676 certe

189 2701 315 2755 coactae
328 2694 473 2756 insanire.
496 2713 558 2756 non
573 2693 644 2772 plus
657 2697 728 2758 mali
743 2696 867 2757 meritos
882 2699 1011 2758 Aetolos
1026 2699 1174 2761 Antiochi

187 2778 267 2838 bello
284 2793 376 2852 quam
389 2779 462 2839 boni
477 2787 562 2853 ante,
587 2797 654 2840 cum
670 2781 821 2842 adversus
835 2780 1007 2857 Philippum
1026 2783 1173 2845 bellatum

187 2861 235 2934 sil,
251 2861 373 2920 iecisse.
402 2877 459 2921 nec
475 2869 537 2922 tum
550 2865 635 2938 large
649 2863 777 2938 gratiam
791 2865 917 2924 relatam
931 2865 1000 2940 sibi,
1015 2880 1075 2927 nec
1091 2883 1173 2929 nune

186 2943 349 3004 immodice
365 2959 498 3020 poenam
511 2945 629 3022 iniungi
643 2947 767 3008 debere.
789 2948 829 3008 ad
841 2963 878 3008 ea
890 2951 999 3012 consul
1009 2951 1172 3025 respondit

186 3028 284 3104 magis
306 3042 401 3103 saepe
423 3044 515 3104 quam
534 3045 607 3090 vere
625 3047 771 3106 umquam
785 3033 913 3094 Aetolos
928 3047 1038 3108 pacem
1053 3043 1171 3109 petere.

185 3109 374 3172 imitarentur
387 3111 572 3175 Antiochum
593 3115 623 3175 in
638 3115 772 3192 petenda
786 3131 879 3191 pace,
903 3131 992 3191 quent
1008 3118 1041 3176 in
1056 3119 1172 3180 bellum

185 3196 360 3257 traxissent.
393 3213 454 3256 non
468 3199 577 3273 paucis
591 3199 720 3260 urbibus
734 3215 813 3272 eum,
830 3201 869 3260 de
885 3217 1013 3277 quarum
1028 3201 1172 3264 libertate

186 3288 331 3340 certatum
353 3280 406 3353 sit,
426 3281 483 3340 sed
498 3283 580 3342 omni
594 3283 671 3343 Asia
685 3281 730 3342 cis
744 3283 877 3344 Taurum
890 3293 1040 3360 montem,
1064 3287 1170 3362 opimo

185 3377 291 3435 regno,
308 3365 495 3424 excessisse.
526 3367 654 3426 Aetolos
670 3365 729 3426 nisi
744 3367 875 3429 inermes
891 3369 930 3429 de
945 3383 1024 3445 pace
1039 3377 1170 3445 agentes

185 3457 246 3500 uon
268 3445 440 3506 auditurum
461 3464 505 3506 se.
522 3453 623 3508 'arma
638 3449 697 3510 illis
713 3450 799 3526 prius
814 3467 976 3528 equosque
992 3453 1094 3513 omnis
1110 3462 1168 3515 tra·
