2482 3900
157 244 178 306 4
331 243 446 302 LIBER
456 242 561 304 xltxl.
584 240 666 300 cnr.
678 247 704 300 4.
717 249 742 300 a.
765 223 962 312 [aucam]

157 393 306 455 Caecilius
327 392 470 452 Metellus
491 391 522 450 C.
537 397 567 450 et
580 389 620 448 M.
637 387 757 450 Servilii
774 423 810 434 -
828 387 961 450 Geminis
983 391 1134 452 ambobus

156 491 327 554 cognomen
352 483 417 535 erat
433 508 486 547 -‚
511 474 544 532 L.
566 481 596 534 et
619 474 656 531 Α.
677 471 798 533 Hostilii
820 473 950 534 Catones
970 473 1002 532 P.
1023 475 1134 536 Villius

154 560 311 637 Tappulus
323 559 362 618 M.
374 557 499 618 Fulvius
510 555 639 617 Flaccus
651 555 683 620 P.
695 557 802 618 Aelius
812 555 923 616 Paetus
934 559 967 618 T.
976 556 1134 630 Quinctius

154 643 351 705 Flamininus

236 727 294 789 Per
313 743 368 787 eos
384 726 451 785 dies
465 724 498 784 Ρ.
514 724 602 784 Aelio
619 725 746 784 consule
760 723 881 784 comitia
894 721 1026 784 habente
1041 725 1134 786 creati

155 813 300 872 consules
314 810 346 869 P.
363 808 519 883 Sulpicius
535 807 631 868 Galba
646 807 675 867 G.
691 808 835 868 Aurelius
852 807 945 867 cotta.
973 815 1134 882 praetores

155 895 266 956 exinde
281 895 352 954 lacti
368 894 401 967 0.
412 892 564 952 Minucius
578 891 677 952 Rufus
689 891 722 950 L.
733 891 843 951 Furius
854 889 1005 965 Purpurio
1019 890 1051 964 Q.
1064 891 1134 953 Ful·

154 979 223 1040 vius
245 978 321 1039 Gillo
346 978 377 1038 G.
399 976 524 1051 Sergius
544 975 685 1034 Plancus.
721 974 784 1034 ludi
804 969 933 1034 Romani
958 975 1074 1036 scenici
1095 991 1133 1036 eo

155 1079 234 1124 anno
255 1061 416 1136 magnifice
438 1065 649 1135 apparateque
669 1059 741 1118 tacti
756 1057 794 1117 ab
809 1057 960 1118 aedilibus
976 1058 1133 1120 curulibus

154 1147 187 1206 L.
203 1145 328 1207 Valerio
349 1145 459 1204 Flacco
482 1151 511 1203 et
532 1144 564 1202 Τ.
581 1139 914 1216 ΩυίηοῐίοἜΙαωὶηἰηο.
949 1140 1074 1204 biduum
1089 1143 1133 1203 in-

155 1237 322 1290 stauratum
337 1236 393 1288 est.
416 1226 621 1302 frumentique
631 1226 693 1286 vim
705 1227 865 1301 ingentem,
883 1224 967 1300 quod
979 1241 1018 1285 ex
1029 1226 1134 1286 Airica

153 1314 186 1372 P.
203 1312 308 1388 Scipio
328 1311 467 1386 miserat,
496 1309 652 1386 quaternis
679 1309 759 1371 aeris
786 1310 902 1384 populo
925 1325 993 1370 cum
1016 1325 1134 1370 summa

154 1397 216 1458 ilde
231 1405 261 1457 et
275 1397 372 1470 gratia
388 1395 566 1454 diviserunt.
600 1401 630 1454 et
642 1393 754 1468 plebeii
769 1393 833 1452 ludi
847 1401 893 1452 ter
906 1391 961 1453 toti
976 1393 1131 1452 instaurati

154 1481 192 1539 ab
208 1479 358 1539 aedilibus
373 1477 455 1552 plebi
469 1478 502 1535 L.
517 1477 648 1552 Apustio
662 1475 790 1538 Fullone
805 1483 836 1537 et
850 1477 884 1550 Q.
896 1476 1029 1537 Minucio
1041 1477 1130 1550 Baio,

155 1563 206 1638 qui
228 1578 267 1621 ex
288 1562 439 1622 aedilitate
461 1568 585 1636 praetor
606 1567 725 1621 creatus
748 1567 820 1620 erat.
858 1567 887 1620 et
908 1560 989 1620 lovis
1011 1561 1133 1635 epulum

154 1646 209 1706 luit
223 1646 365 1705 ludorum
381 1660 484 1704 causa.

234 1731 272 1787 V.
295 1729 385 1788 Anno
409 1728 652 1803 quingentesimo
670 1726 924 1803 quinquagesimo
940 1727 1077 1788 secundo
1095 1726 1132 1786 ab

155 1813 228 1874 urbe
251 1812 388 1886 condita,
413 1811 445 1870 P.
468 1811 603 1886 Sulpicio
625 1810 721 1872 Galba
744 1810 775 1872 C.
794 1810 919 1871 Aurelio
943 1809 1132 1884 consulibus,

155 1897 266 1956 bellum
287 1911 356 1956 cum
375 1910 450 1970 rege
469 1895 610 1971 Philippo
632 1895 738 1957 initum
758 1902 820 1970 est,
846 1895 954 1970 paucis
976 1893 1134 1954 mensibus

154 1988 225 2056 post
245 1995 354 2054 pacem
376 1979 675 2056 Carthaginiensibus
699 1979 808 2038 datam.
847 1979 981 2039 omnium
1002 1978 1134 2054 primum

154 2081 220 2124 eam
234 2079 299 2122 rem
317 2062 419 2124 idibus
434 2063 558 2137 Martiis,
580 2079 641 2140 quo
657 2063 707 2126 die
721 2070 784 2123 tum
799 2063 978 2123 consulatus
992 2061 1135 2136 inibatur,

79 2151 82 2155 “
152 2147 183 2206 Ρ.
200 2147 354 2222 Sulpicius
370 2149 479 2208 consul
493 2149 614 2220 rettulit,
638 2153 827 2222 senatusque
842 2143 985 2217 decrevit,
1005 2145 1044 2206 uti
1060 2160 1135 2205 con·

153 2233 237 2292 sules
252 2231 418 2292 maioribus
433 2231 541 2292 hostiis
556 2246 620 2290 rem
635 2229 770 2291 divinam
784 2231 926 2305 lacerent,
944 2229 1056 2306 quibus
1073 2227 1135 2288 diis

152 2315 228 2390 ipsis
249 2315 418 2390 uideretur,
440 2331 509 2374 eum
524 2314 768 2390 precationem,
792 2313 877 2390 quod
891 2325 1017 2376 senatus
1033 2327 1135 2388 popu-

152 2400 263 2475 lusque
273 2399 431 2460 Romanus
447 2400 485 2459 de
499 2413 534 2458 re
547 2396 671 2474 publica
686 2399 788 2475 deque
802 2399 937 2458 ineundo
953 2413 1035 2458 novo
1049 2396 1135 2456 bello

151 2483 183 2542 in
203 2483 303 2543 animo
324 2482 468 2556 haberet,
491 2497 528 2542 ea
547 2499 597 2542 res
618 2483 660 2542 uti
683 2483 798 2557 populo
814 2483 953 2544 Romano
975 2478 1134 2554 sociisque

152 2583 188 2626 ac
210 2567 324 2627 nomini
343 2565 451 2626 Latino
472 2567 551 2627 bene
573 2582 610 2626 ac
630 2565 756 2627 feliciter
777 2567 929 2644 eveniret;
962 2563 1132 2624 secundum

151 2666 216 2710 rem
231 2650 365 2710 divinam
381 2651 650 2726 precationemque
664 2656 698 2710 ut
711 2651 750 2710 de
764 2665 799 2709 re
813 2649 936 2725 publica
947 2647 1048 2722 deque
1059 2661 1133 2721 pro·

152 2735 260 2793 vinciis
276 2739 415 2794 senatum
431 2736 635 2794 consulerent.
658 2749 713 2808 per
727 2748 782 2793 eos
800 2734 866 2794 dies
883 2738 1055 2807 opportune
1065 2729 1132 2789 irri-

152 2815 251 2876 tandis
272 2819 311 2899 ad
331 2817 445 2876 bellum
466 2817 575 2876 animis
595 2823 625 2876 et
644 2815 760 2876 litterae
781 2816 819 2876 ab
834 2816 874 2878 M.
891 2814 1015 2875 Aurelio
1031 2813 1133 2887 legato

152 2907 183 2958 et
195 2899 235 2958 M.
250 2899 374 2960 Valerio
390 2899 524 2960 Laevino
546 2905 748 2974 propraetore
765 2899 900 2974 adlatae,
921 2907 951 2958 et
965 2896 1133 2957 Athenien-

152 2981 231 3042 sium
246 2999 327 3043 nova
341 2983 452 3056 legatio
467 2984 564 3055 venit,
587 2997 666 3056 quae
679 2997 783 3057 regem
798 2981 1050 3059 appropinquare
1064 2978 1131 3038 lini—

152 3067 210 3127 bus
231 3068 296 3127 suis
312 3067 476 3136 nuntiaret,
498 3067 647 3142 brevique
661 3083 723 3126 non
738 3081 829 3141 agros
845 3065 936 3126 modo
952 3064 1009 3124 sed
1023 3062 1132 3122 urbem

152 3151 242 3211 etiam
256 3150 285 3210 in
302 3150 423 3210 dicione
438 3151 506 3210 eius
517 3151 655 3223 futuram,
672 3149 730 3210 nisi
742 3151 816 3226 quid
826 3151 857 3210 in
868 3147 1014 3210 Romanis
1025 3143 1132 3206 auxilii

153 3236 239 3295 loret.
269 3250 337 3295 cum
357 3234 585 3294 renuntiassent
605 3235 748 3294 consules
762 3248 827 3294 rem
842 3231 975 3292 divinam
988 3229 1045 3289 rite
1060 3243 1126 3304 per·

152 3324 250 3377 actam
276 3333 362 3392 esse,
384 3323 415 3377 et
434 3317 600 3392 precationi
622 3317 769 3377 adnuisse
790 3317 866 3377 deos
884 3313 1067 3388 haruspices
1081 3327 1116 3370 re

152 3401 321 3476 spondere,
348 3404 490 3476 laetaque
515 3404 586 3461 exta
611 3401 722 3474 luisse,
749 3407 779 3459 ct
803 3397 1005 3473 prolationem
1024 3395 1129 3456 finium

152 3481 371 3560 victoriamque
386 3491 416 3544 et
429 3485 613 3558 triumphum
628 3481 768 3558 portendi
776 3529 784 3555 ,
806 3489 868 3542 tum
882 3481 1000 3542 litterae
1012 3477 1126 3540 Valeri
