2506 3898
132 217 195 284 ese
268 219 384 282 amun
397 219 559 282 xxxvru.
584 217 668 278 cer.
682 223 780 280 ran.
803 217 999 296 [summe]

134 371 212 434 citus
233 369 265 431 in
278 369 327 432 luis
341 370 431 432 terris
446 385 518 431 cese
532 371 666 444 placeat,
691 369 836 430 consules
850 367 888 428 iis
902 369 1006 444 potrus
1022 383 1126 446 quan:

134 456 272 532 privatos
287 469 436 531 praeesse
451 461 604 530 oportere.
636 451 743 527 vagari
756 467 813 512 eos
828 467 897 513 eum
911 453 984 514 belli
997 459 1126 514 terrore

133 554 191 615 per
204 539 353 610 rabones,
370 537 481 614 quibus
496 537 609 598 bellum
622 535 769 598 indictum
779 551 842 598 non
859 537 907 611 sit,
922 552 1034 612 peoem
1045 551 1125 612 pre-

132 622 175 684 tio
199 623 394 682 venditentis.
429 621 456 681 si
481 636 536 682 eas
559 619 735 696 provincias
760 620 951 681 exercitibus
974 619 1127 682 obtinere

133 721 213 781 opos
229 713 327 779 esset,
345 705 426 766 sicut
437 701 488 764 Μ.
504 704 602 765 Acilio
615 703 649 764 L.
665 702 770 780 Scipio
787 705 911 778 consul,
925 704 961 764 L.
976 702 1127 780 Scipioni

133 789 174 850 Μ.
185 789 312 850 Fulvius
327 795 358 850 et
368 787 421 848 Cn.
432 787 565 848 Manlius
579 787 808 850 successissent
821 789 978 862 consules,
991 787 1125 848 itabiri-

132 871 184 934 vio
195 871 371 948 Manlioque
382 870 414 932 c.
425 871 543 932 Livium
554 879 585 932 et
593 870 634 930 Μ.
641 869 798 932 Valerium
810 873 956 933 consules
967 871 1126 933 debuisse

132 955 311 1016 succedero.
334 971 416 1015 nune
426 963 518 1031 certe,
533 955 670 1031 perlecto
681 955 821 1016 Aetolico
832 955 922 1028 bello,
937 962 1066 1031 recepta
1078 955 1125 1014 ab

133 1038 285 1100 Antiocho
299 1039 391 1110 Asia,
413 1039 541 1100 devictis
557 1039 665 1112 Gallis,
682 1046 733 1099 aut
747 1040 891 1100 consules
906 1039 947 1099 ad
960 1039 1124 1100 exercitus

134 1123 316 1184 consulares
327 1123 401 1184 mitti
416 1131 469 1184 aut
480 1123 630 1200 reportari
644 1123 782 1197 legiones
797 1122 871 1183 inde
883 1121 1036 1198 reddique
1049 1130 1124 1184 tan·

133 1208 204 1268 dem
216 1208 261 1267 rei
278 1207 419 1284 publicae
434 1207 557 1269 debere.
590 1213 714 1268 senatus
728 1205 777 1266 bis
792 1205 903 1266 auditis
917 1207 949 1266 in
963 1207 1124 1268 sententia

133 1292 358 1366 perseveravit,
378 1298 413 1352 ut
433 1291 613 1352 consulibus
633 1289 782 1351 ambobus
801 1289 931 1364 Ligures
954 1290 1125 1365 provincia

133 1383 233 1444 essen
261 1373 408 1435 Manlium
427 1373 629 1450 Fulviumque
653 1373 805 1434 decedere
830 1371 870 1432 de
894 1373 1067 1448 provinciis
1089 1380 1125 1433 et

134 1458 289 1518 exereitus
303 1458 375 1518 inde
390 1457 545 1518 deducere
559 1472 597 1518 ac
609 1457 712 1518 redire
725 1458 855 1519 Romam
869 1455 994 1532 placuit

216 1541 318 1601 XLlll.
346 1540 523 1600 Inimicitiae
543 1541 620 1602 inter
638 1541 679 1600 Μ.
694 1539 834 1602 Fulvium
855 1547 886 1601 et
897 1540 937 1600 Μ.
952 1541 1122 1602 Aemilium

134 1626 291 1686 consulem
313 1629 413 1694 erant,
436 1630 467 1683 et
481 1639 577 1700 super
597 1631 699 1685 cetera
712 1621 861 1685 Aemilius
875 1625 976 1686 serius
990 1625 1121 1686 biennio

134 1723 169 1770 ee
190 1707 349 1768 consulem
369 1709 483 1768 iactum
496 1707 536 1768 Μ.
550 1707 648 1768 Fulvii
669 1724 764 1784 opera
781 1709 922 1772 ducebat.
956 1710 1062 1784 itaque
1077 1709 1121 1772 ad

133 1792 278 1851 invidiam
297 1790 327 1852 ei
346 1789 519 1854 faciendam
539 1793 657 1868 legatos
671 1793 900 1854 Ambraciensis
920 1793 952 1852 in
973 1799 1120 1854 senatum

134 1875 320 1938 subornatos
341 1874 517 1938 criminibus
536 1876 718 1951 introduxit,
740 1876 792 1952 qui
812 1876 887 1952 sibi,
908 1893 977 1938 cum
991 1878 1022 1937 in
1037 1893 1121 1952 pace

134 1967 249 2036 essent,
269 1961 481 2038 imperataque
494 1960 650 2037 prioribus
665 1961 843 2022 consulibus
857 1961 1005 2022 iecissent
1019 1969 1050 2022 ct
1066 1976 1119 2020 ee

135 2043 206 2104 dem
221 2043 400 2106 obedienter
414 2052 572 2120 praestare
584 2045 625 2105 Μ.
639 2044 747 2107 i'ulvio
761 2045 859 2121 parati
874 2051 986 2121 essent,
1001 2045 1118 2106 bellum

133 2125 249 2187 illatum
264 2127 374 2202 questi,
390 2141 483 2202 agros
499 2129 628 2203 primum
644 2129 861 2204 depopulatos,
874 2135 1023 2190 terrorem
1034 2129 1119 2190 dire

134 2209 247 2282 ptionis
269 2217 300 2269 et
313 2209 418 2268 coedis
437 2209 506 2270 urbi
526 2210 684 2285 iniectum,
705 2219 790 2273 uteo
805 2219 888 2273 metu
902 2213 1047 2274 claudere
1062 2227 1114 2274 co-

133 2298 277 2364 gerentur
296 2298 412 2366 portas.
443 2293 593 2354 obsessos
616 2293 728 2356 deinde
749 2304 779 2357 ct
800 2303 994 2372 oppugnatos
1014 2311 1064 2370 se,
1086 2304 1118 2356 et

135 2374 237 2436 omnia
258 2377 401 2451 exempla
413 2375 486 2438 belli
500 2377 581 2440 edita
595 2378 627 2439 in
642 2394 678 2440 se
693 2379 840 2442 caedibus
853 2376 1003 2440 incendiis
1017 2379 1116 2441 ruinis

134 2458 305 2536 direptione
314 2461 415 2532 urbis,
439 2461 585 2538 coniuges
596 2462 751 2524 liberosin
764 2463 1115 2539 servitiumebstractos,

134 2541 216 2605 bona
230 2544 382 2620 adempta,
398 2553 427 2606 et
441 2545 527 2622 quod
539 2562 577 2608 se
590 2553 660 2607 ante
671 2546 772 2608 omnio
782 2555 911 2623 moveat,
927 2549 1041 2624 templa
1051 2553 1117 2609 tota

133 2628 211 2688 urbe
231 2628 363 2704 spoliate
383 2631 578 2692 ornamentis.
615 2632 777 2692 simulacre
796 2631 902 2705 deum,
924 2631 1002 2692 deos
1023 2632 1116 2692 immo

134 2712 238 2787 ipsos,
260 2715 427 2774 convulsos
448 2730 488 2776 ex
507 2715 634 2777 sedibus
656 2714 722 2776 suis
736 2714 854 2776 ablatos
869 2731 956 2787 essm
979 2715 1115 2791 parietes

134 2803 305 2869 postesque
326 2798 474 2867 nudatos,
498 2815 576 2873 quos
591 2799 733 2870 adorent,
755 2799 796 2858 ad
811 2815 890 2876 quos
905 2806 1072 2875 precentur
1087 2807 1117 2860 et

134 2877 322 2952 supplicent,
350 2879 623 2939 Ambraciensibus
644 2895 821 2956 superesse.
858 2882 934 2944 baec
950 2881 1115 2959 'querentis

134 2960 351 3035 interrogando
378 2961 540 3022 criminose
564 2978 604 3022 ex
628 2965 799 3040 composito
825 2969 933 3028 consul
948 2967 997 3028 ed
1014 2969 1116 3042 plura,

133 3046 218 3106 velut
238 3060 300 3104 non
315 3060 373 3105 sua
390 3050 501 3118 sponte
515 3045 660 3122 dicende,
682 3048 831 3112 eliciebat.
867 3051 958 3112 motis
972 3050 1115 3126 patribus

134 3127 211 3188 alter
232 3130 339 3191 consul
362 3129 393 3190 C.
407 3127 572 3192 Flaminius
587 3131 628 3192 Μ.
643 3131 741 3194 Fulvii
762 3149 888 3194 causam
901 3135 1038 3212 excepit,
1061 3153 1116 3210 qu.

133 3218 269 3273 veterem
284 3213 365 3274 viam
378 3220 409 3274 et
423 3213 593 3276 obsoletam
606 3215 766 3292 ingressos
777 3219 1014 3280 Ambracienses
1027 3219 1115 3278 dixit.

135 3295 181 3353 sic
197 3295 238 3356 Μ.
252 3297 429 3358 Marcellum
444 3297 483 3359 ab
498 3296 713 3376 Syracusanis,
728 3301 774 3362 sie
789 3301 823 3376 Q.
839 3302 1012 3364 Fulviumn
1027 3302 1100 3361 Cam

134 3377 225 3449 panis
244 3389 418 3442 accusatos.
452 3382 524 3458 quin
545 3383 653 3444 cadem
670 3400 766 3460 opera
776 3387 812 3446 T.
828 3385 997 3460 Quinctium
1011 3401 1030 3445 a
1043 3385 1114 3446 Plri-

133 3455 218 3530 lippo
232 3475 315 3534 rege,
333 3461 383 3519 Μ’.
399 3465 529 3525 Acilium
544 3473 575 3528 et
587 3467 621 3528 L.
637 3467 811 3544 Scipionem
826 3470 865 3530 ab
880 3468 1041 3544 Antiocho,
1058 3467 1114 3529 (ln.
