<?xml version="1.0" encoding="UTF-8"?>
<!DOCTYPE html PUBLIC "-//W3C//DTD XHTML 1.0 Transitional//EN"
    "http://www.w3.org/TR/xhtml1/DTD/xhtml1-transitional.dtd">
<html xmlns="http://www.w3.org/1999/xhtml" xml:lang="en" lang="en">
 <head>
  <title>
</title>
<meta http-equiv="Content-Type" content="text/html;charset=utf-8" />
  <meta name='ocr-system' content='tesseract 3.04.00' />
  <meta name='ocr-capabilities' content='ocr_page ocr_carea ocr_par ocr_line ocrx_word'/>
</head>
<body>
  <div class='ocr_page' id='page_1' title='image "./titiliviaburbec08livygoog_0290.png"; bbox 0 0 2480 3904; ppageno 0'>
   <div class='ocr_carea' id='block_1_1' title="bbox 247 194 1052 271">
    <p class='ocr_par' dir='ltr' id='par_1_1' title="bbox 247 194 1052 271">
     <span class='ocr_line' id='line_1_1' title="bbox 247 194 1052 271; baseline 0.01 -17"><span class='ocrx_word' id='word_1_1' title='bbox 247 194 524 271; x_wconf 72' lang='lat' dir='ltr'><strong>arauaxxxvn,</strong></span> <span class='ocrx_word' id='word_1_2' title='bbox 546 195 704 258; x_wconf 71' lang='lat' dir='ltr'><strong>cnara.</strong></span> <span class='ocrx_word' id='word_1_3' title='bbox 728 204 763 270; x_wconf 82' lang='lat' dir='ltr'><strong>n.</strong></span> <span class='ocrx_word' id='word_1_4' title='bbox 777 203 810 256; x_wconf 90' lang='lat' dir='ltr'><strong>c.</strong></span> <span class='ocrx_word' id='word_1_5' title='bbox 822 203 884 271; x_wconf 86' lang='lat'>190]</span> <span class='ocrx_word' id='word_1_6' title='bbox 990 197 1052 262; x_wconf 81' lang='lat' dir='ltr'><strong>aot</strong></span> 
     </span>
    </p>
   </div>
   <div class='ocr_carea' id='block_1_2' title="bbox 50 348 1053 3348">
    <p class='ocr_par' dir='ltr' id='par_1_2' title="bbox 67 348 1053 1582">
     <span class='ocr_line' id='line_1_2' title="bbox 73 348 1052 426; baseline -0.001 -14"><span class='ocrx_word' id='word_1_7' title='bbox 73 352 149 414; x_wconf 88' lang='lat' dir='ltr'><strong>citer</strong></span> <span class='ocrx_word' id='word_1_8' title='bbox 162 357 306 426; x_wconf 84' lang='lat' dir='ltr'><strong>egerunt,</strong></span> <span class='ocrx_word' id='word_1_9' title='bbox 324 348 484 417; x_wconf 76' lang='lat' dir='ltr'><strong>veteribus</strong></span> <span class='ocrx_word' id='word_1_10' title='bbox 494 349 663 410; x_wconf 80' lang='lat' dir='ltr'><strong>benefactis</strong></span> <span class='ocrx_word' id='word_1_11' title='bbox 678 365 760 411; x_wconf 88' lang='lat' dir='ltr'><strong>nova</strong></span> <span class='ocrx_word' id='word_1_12' title='bbox 777 356 944 425; x_wconf 81' lang='lat' dir='ltr'><strong>pensantes</strong></span> <span class='ocrx_word' id='word_1_13' title='bbox 959 352 1052 412; x_wconf 89' lang='lat' dir='ltr'><strong>male·</strong></span> 
     </span>
     <span class='ocr_line' id='line_1_3' title="bbox 74 433 1053 512; baseline -0.001 -15"><span class='ocrx_word' id='word_1_14' title='bbox 74 433 153 497; x_wconf 78' lang='lat' dir='ltr'><strong>ficia.</strong></span> <span class='ocrx_word' id='word_1_15' title='bbox 185 440 319 494; x_wconf 90' lang='lat' dir='ltr'><strong>ceterum</strong></span> <span class='ocrx_word' id='word_1_16' title='bbox 344 441 375 494; x_wconf 91' lang='lat' dir='ltr'><strong>et</strong></span> <span class='ocrx_word' id='word_1_17' title='bbox 398 441 578 508; x_wconf 81' lang='lat' dir='ltr'><strong>praesentes</strong></span> <span class='ocrx_word' id='word_1_18' title='bbox 603 433 890 508; x_wconf 78' lang='lat' dir='ltr'><strong>interrogationibus</strong></span> <span class='ocrx_word' id='word_1_19' title='bbox 915 434 1053 512; x_wconf 87' lang='lat' dir='ltr'><strong>undiquc</strong></span> 
     </span>
     <span class='ocr_line' id='line_1_4' title="bbox 75 516 1052 594; baseline -0.002 -13"><span class='ocrx_word' id='word_1_20' title='bbox 75 524 266 593; x_wconf 85' lang='lat' dir='ltr'><strong>senatorum,</strong></span> <span class='ocrx_word' id='word_1_21' title='bbox 293 516 519 578; x_wconf 85' lang='lat' dir='ltr'><strong>contessionem</strong></span> <span class='ocrx_word' id='word_1_22' title='bbox 543 517 641 592; x_wconf 91' lang='lat' dir='ltr'><strong>magis</strong></span> <span class='ocrx_word' id='word_1_23' title='bbox 662 531 764 578; x_wconf 89' lang='lat' dir='ltr'><strong>noxae</strong></span> <span class='ocrx_word' id='word_1_24' title='bbox 785 532 877 592; x_wconf 88' lang='lat' dir='ltr'><strong>quam</strong></span> <span class='ocrx_word' id='word_1_25' title='bbox 896 531 1052 594; x_wconf 89' lang='lat' dir='ltr'><strong>responsa</strong></span> 
     </span>
     <span class='ocr_line' id='line_1_5' title="bbox 71 599 1051 676; baseline 0.001 -15"><span class='ocrx_word' id='word_1_26' title='bbox 71 601 321 676; x_wconf 73' lang='lat' dir='ltr'><strong>exprimentium,</strong></span> <span class='ocrx_word' id='word_1_27' title='bbox 345 599 460 675; x_wconf 78' lang='lat' dir='ltr'><strong>fatigati</strong></span> <span class='ocrx_word' id='word_1_28' title='bbox 475 607 560 674; x_wconf 88' lang='lat' dir='ltr'><strong>sunt,</strong></span> <span class='ocrx_word' id='word_1_29' title='bbox 581 607 611 659; x_wconf 91' lang='lat' dir='ltr'><strong>et</strong></span> <span class='ocrx_word' id='word_1_30' title='bbox 631 600 783 662; x_wconf 80' lang='lat' dir='ltr'><strong>excedere</strong></span> <span class='ocrx_word' id='word_1_31' title='bbox 798 601 883 662; x_wconf 90' lang='lat' dir='ltr'><strong>curia</strong></span> <span class='ocrx_word' id='word_1_32' title='bbox 895 601 974 662; x_wconf 89' lang='lat' dir='ltr'><strong>iussi</strong></span> <span class='ocrx_word' id='word_1_33' title='bbox 987 618 1051 662; x_wconf 87' lang='lat' dir='ltr'><strong>ma·</strong></span> 
     </span>
     <span class='ocr_line' id='line_1_6' title="bbox 70 683 1052 760; baseline 0 -16"><span class='ocrx_word' id='word_1_34' title='bbox 70 701 166 760; x_wconf 87' lang='lat' dir='ltr'><strong>gnum</strong></span> <span class='ocrx_word' id='word_1_35' title='bbox 181 691 335 745; x_wconf 87' lang='lat' dir='ltr'><strong>certamen</strong></span> <span class='ocrx_word' id='word_1_36' title='bbox 349 683 530 760; x_wconf 85' lang='lat' dir='ltr'><strong>praebuere.</strong></span> <span class='ocrx_word' id='word_1_37' title='bbox 552 685 622 758; x_wconf 90' lang='lat' dir='ltr'><strong>plus</strong></span> <span class='ocrx_word' id='word_1_38' title='bbox 634 683 680 744; x_wconf 87' lang='lat' dir='ltr'><strong>ira</strong></span> <span class='ocrx_word' id='word_1_39' title='bbox 690 699 781 760; x_wconf 88' lang='lat' dir='ltr'><strong>quam</strong></span> <span class='ocrx_word' id='word_1_40' title='bbox 796 685 1007 746; x_wconf 86' lang='lat' dir='ltr'><strong>misericordia</strong></span> <span class='ocrx_word' id='word_1_41' title='bbox 1021 686 1052 744; x_wconf 94' lang='lat' dir='ltr'><strong>in</strong></span> 
     </span>
     <span class='ocr_line' id='line_1_7' title="bbox 70 767 1052 844; baseline 0 -16"><span class='ocrx_word' id='word_1_42' title='bbox 70 784 169 830; x_wconf 90' lang='lat' dir='ltr'><strong>causa</strong></span> <span class='ocrx_word' id='word_1_43' title='bbox 194 783 300 830; x_wconf 89' lang='lat' dir='ltr'><strong>eorum</strong></span> <span class='ocrx_word' id='word_1_44' title='bbox 324 768 459 844; x_wconf 88' lang='lat' dir='ltr'><strong>valebat,</strong></span> <span class='ocrx_word' id='word_1_45' title='bbox 484 767 556 841; x_wconf 90' lang='lat' dir='ltr'><strong>quia</strong></span> <span class='ocrx_word' id='word_1_46' title='bbox 580 783 641 828; x_wconf 91' lang='lat' dir='ltr'><strong>non</strong></span> <span class='ocrx_word' id='word_1_47' title='bbox 665 773 699 830; x_wconf 92' lang='lat' dir='ltr'><strong>ut</strong></span> <span class='ocrx_word' id='word_1_48' title='bbox 719 767 859 829; x_wconf 86' lang='lat' dir='ltr'><strong>hostibus</strong></span> <span class='ocrx_word' id='word_1_49' title='bbox 880 769 972 828; x_wconf 93' lang='lat' dir='ltr'><strong>modo</strong></span> <span class='ocrx_word' id='word_1_50' title='bbox 994 769 1052 829; x_wconf 88' lang='lat' dir='ltr'><strong>sed</strong></span> 
     </span>
     <span class='ocr_line' id='line_1_8' title="bbox 67 850 1052 928; baseline -0.001 -16"><span class='ocrx_word' id='word_1_51' title='bbox 67 859 227 928; x_wconf 87' lang='lat' dir='ltr'><strong>tamquam</strong></span> <span class='ocrx_word' id='word_1_52' title='bbox 241 851 407 914; x_wconf 86' lang='lat' dir='ltr'><strong>indomitae</strong></span> <span class='ocrx_word' id='word_1_53' title='bbox 421 857 451 912; x_wconf 89' lang='lat' dir='ltr'><strong>et</strong></span> <span class='ocrx_word' id='word_1_54' title='bbox 464 850 635 911; x_wconf 91' lang='lat' dir='ltr'><strong>insociabili</strong></span> <span class='ocrx_word' id='word_1_55' title='bbox 645 851 727 926; x_wconf 90' lang='lat' dir='ltr'><strong>genti</strong></span> <span class='ocrx_word' id='word_1_56' title='bbox 738 851 972 912; x_wconf 88' lang='lat' dir='ltr'><strong>succensebant.</strong></span> <span class='ocrx_word' id='word_1_57' title='bbox 996 867 1052 927; x_wconf 91' lang='lat' dir='ltr'><strong>per</strong></span> 
     </span>
     <span class='ocr_line' id='line_1_9' title="bbox 69 935 1052 1012; baseline -0.001 -17"><span class='ocrx_word' id='word_1_58' title='bbox 69 936 189 1010; x_wconf 86' lang='lat' dir='ltr'><strong>aliquot</strong></span> <span class='ocrx_word' id='word_1_59' title='bbox 210 936 278 996; x_wconf 87' lang='lat' dir='ltr'><strong>dies</strong></span> <span class='ocrx_word' id='word_1_60' title='bbox 297 951 365 996; x_wconf 90' lang='lat' dir='ltr'><strong>cum</strong></span> <span class='ocrx_word' id='word_1_61' title='bbox 387 940 533 996; x_wconf 87' lang='lat' dir='ltr'><strong>certatum</strong></span> <span class='ocrx_word' id='word_1_62' title='bbox 553 941 651 1010; x_wconf 88' lang='lat' dir='ltr'><strong>esset,</strong></span> <span class='ocrx_word' id='word_1_63' title='bbox 680 941 836 1012; x_wconf 88' lang='lat' dir='ltr'><strong>postremo</strong></span> <span class='ocrx_word' id='word_1_64' title='bbox 862 951 965 1010; x_wconf 91' lang='lat' dir='ltr'><strong>neque</strong></span> <span class='ocrx_word' id='word_1_65' title='bbox 985 935 1052 995; x_wconf 92' lang='lat' dir='ltr'><strong>dari</strong></span> 
     </span>
     <span class='ocr_line' id='line_1_10' title="bbox 68 1019 1052 1095; baseline 0 -17"><span class='ocrx_word' id='word_1_66' title='bbox 68 1035 175 1095; x_wconf 87' lang='lat' dir='ltr'><strong>neque</strong></span> <span class='ocrx_word' id='word_1_67' title='bbox 189 1019 295 1094; x_wconf 90' lang='lat' dir='ltr'><strong>negari</strong></span> <span class='ocrx_word' id='word_1_68' title='bbox 309 1033 417 1094; x_wconf 89' lang='lat' dir='ltr'><strong>pacem</strong></span> <span class='ocrx_word' id='word_1_69' title='bbox 438 1019 562 1094; x_wconf 90' lang='lat' dir='ltr'><strong>placuit.</strong></span> <span class='ocrx_word' id='word_1_70' title='bbox 593 1019 673 1078; x_wconf 89' lang='lat' dir='ltr'><strong>duae</strong></span> <span class='ocrx_word' id='word_1_71' title='bbox 694 1019 891 1080; x_wconf 84' lang='lat' dir='ltr'><strong>condiciones</strong></span> <span class='ocrx_word' id='word_1_72' title='bbox 906 1019 950 1086; x_wconf 70' lang='lat' dir='ltr'><strong>¹iis</strong></span> <span class='ocrx_word' id='word_1_73' title='bbox 971 1020 1052 1080; x_wconf 87' lang='lat' dir='ltr'><strong>latae</strong></span> 
     </span>
     <span class='ocr_line' id='line_1_11' title="bbox 69 1101 1050 1177; baseline -0.004 -13"><span class='ocrx_word' id='word_1_74' title='bbox 69 1110 159 1164; x_wconf 81' lang='lat' dir='ltr'><strong>sunt=</strong></span> <span class='ocrx_word' id='word_1_75' title='bbox 180 1104 230 1162; x_wconf 90' lang='lat' dir='ltr'><strong>vel</strong></span> <span class='ocrx_word' id='word_1_76' title='bbox 252 1103 370 1164; x_wconf 91' lang='lat' dir='ltr'><strong>senatui</strong></span> <span class='ocrx_word' id='word_1_77' title='bbox 390 1103 518 1162; x_wconf 91' lang='lat' dir='ltr'><strong>liberum</strong></span> <span class='ocrx_word' id='word_1_78' title='bbox 539 1102 696 1164; x_wconf 87' lang='lat' dir='ltr'><strong>arbitrium</strong></span> <span class='ocrx_word' id='word_1_79' title='bbox 717 1103 756 1162; x_wconf 91' lang='lat' dir='ltr'><strong>de</strong></span> <span class='ocrx_word' id='word_1_80' title='bbox 777 1117 812 1162; x_wconf 92' lang='lat' dir='ltr'><strong>se</strong></span> <span class='ocrx_word' id='word_1_81' title='bbox 833 1101 1050 1177; x_wconf 90' lang='lat' dir='ltr'><strong>permitterent,</strong></span> 
     </span>
     <span class='ocr_line' id='line_1_12' title="bbox 67 1183 1050 1262; baseline -0.002 -17"><span class='ocrx_word' id='word_1_82' title='bbox 67 1188 121 1247; x_wconf 91' lang='lat' dir='ltr'><strong>vel</strong></span> <span class='ocrx_word' id='word_1_83' title='bbox 134 1187 217 1246; x_wconf 91' lang='lat' dir='ltr'><strong>mille</strong></span> <span class='ocrx_word' id='word_1_84' title='bbox 231 1187 376 1247; x_wconf 86' lang='lat' dir='ltr'><strong>talentum</strong></span> <span class='ocrx_word' id='word_1_85' title='bbox 391 1187 499 1248; x_wconf 89' lang='lat' dir='ltr'><strong>darent</strong></span> <span class='ocrx_word' id='word_1_86' title='bbox 512 1185 700 1262; x_wconf 89' lang='lat' dir='ltr'><strong>eosdemque</strong></span> <span class='ocrx_word' id='word_1_87' title='bbox 715 1186 831 1246; x_wconf 89' lang='lat' dir='ltr'><strong>amicos</strong></span> <span class='ocrx_word' id='word_1_88' title='bbox 846 1191 939 1260; x_wconf 90' lang='lat' dir='ltr'><strong>atque</strong></span> <span class='ocrx_word' id='word_1_89' title='bbox 952 1183 1050 1244; x_wconf 88' lang='lat' dir='ltr'><strong>inimi-</strong></span> 
     </span>
     <span class='ocr_line' id='line_1_13' title="bbox 69 1269 1052 1346; baseline -0.003 -15"><span class='ocrx_word' id='word_1_90' title='bbox 69 1287 127 1331; x_wconf 92' lang='lat' dir='ltr'><strong>cos</strong></span> <span class='ocrx_word' id='word_1_91' title='bbox 141 1269 297 1330; x_wconf 88' lang='lat' dir='ltr'><strong>haberent.</strong></span> <span class='ocrx_word' id='word_1_92' title='bbox 318 1269 490 1346; x_wconf 89' lang='lat' dir='ltr'><strong>exprimere</strong></span> <span class='ocrx_word' id='word_1_93' title='bbox 505 1269 697 1345; x_wconf 87' lang='lat' dir='ltr'><strong>cupientibus</strong></span> <span class='ocrx_word' id='word_1_94' title='bbox 710 1284 839 1345; x_wconf 88' lang='lat' dir='ltr'><strong>quarum</strong></span> <span class='ocrx_word' id='word_1_95' title='bbox 852 1283 955 1328; x_wconf 91' lang='lat' dir='ltr'><strong>rerum</strong></span> <span class='ocrx_word' id='word_1_96' title='bbox 970 1269 1000 1328; x_wconf 95' lang='lat' dir='ltr'><strong>in</strong></span> <span class='ocrx_word' id='word_1_97' title='bbox 1016 1283 1052 1328; x_wconf 91' lang='lat' dir='ltr'><strong>se</strong></span> 
     </span>
     <span class='ocr_line' id='line_1_14' title="bbox 68 1351 1050 1429; baseline -0.004 -15"><span class='ocrx_word' id='word_1_98' title='bbox 68 1353 227 1416; x_wconf 88' lang='lat' dir='ltr'><strong>arbitrium</strong></span> <span class='ocrx_word' id='word_1_99' title='bbox 242 1354 361 1414; x_wconf 87' lang='lat' dir='ltr'><strong>senatui</strong></span> <span class='ocrx_word' id='word_1_100' title='bbox 375 1354 595 1429; x_wconf 89' lang='lat' dir='ltr'><strong>permitterent,</strong></span> <span class='ocrx_word' id='word_1_101' title='bbox 616 1351 690 1414; x_wconf 91' lang='lat' dir='ltr'><strong>nihil</strong></span> <span class='ocrx_word' id='word_1_102' title='bbox 705 1353 779 1412; x_wconf 88' lang='lat' dir='ltr'><strong>certi</strong></span> <span class='ocrx_word' id='word_1_103' title='bbox 792 1367 979 1428; x_wconf 88' lang='lat' dir='ltr'><strong>responsum</strong></span> <span class='ocrx_word' id='word_1_104' title='bbox 994 1357 1050 1412; x_wconf 88' lang='lat' dir='ltr'><strong>est.</strong></span> 
     </span>
     <span class='ocr_line' id='line_1_15' title="bbox 68 1435 1050 1513; baseline -0.002 -17"><span class='ocrx_word' id='word_1_105' title='bbox 68 1438 112 1498; x_wconf 90' lang='lat' dir='ltr'><strong>ita</strong></span> <span class='ocrx_word' id='word_1_106' title='bbox 125 1437 238 1498; x_wconf 88' lang='lat' dir='ltr'><strong>iniecta</strong></span> <span class='ocrx_word' id='word_1_107' title='bbox 251 1451 329 1513; x_wconf 90' lang='lat' dir='ltr'><strong>pace</strong></span> <span class='ocrx_word' id='word_1_108' title='bbox 345 1435 464 1497; x_wconf 87' lang='lat' dir='ltr'><strong>dimissi</strong></span> <span class='ocrx_word' id='word_1_109' title='bbox 477 1437 553 1498; x_wconf 93' lang='lat' dir='ltr'><strong>urbe</strong></span> <span class='ocrx_word' id='word_1_110' title='bbox 568 1437 677 1498; x_wconf 89' lang='lat' dir='ltr'><strong>eodem</strong></span> <span class='ocrx_word' id='word_1_111' title='bbox 692 1437 756 1510; x_wconf 91' lang='lat' dir='ltr'><strong>die,</strong></span> <span class='ocrx_word' id='word_1_112' title='bbox 771 1437 857 1496; x_wconf 90' lang='lat' dir='ltr'><strong>ltalia</strong></span> <span class='ocrx_word' id='word_1_113' title='bbox 870 1436 948 1496; x_wconf 92' lang='lat' dir='ltr'><strong>intra</strong></span> <span class='ocrx_word' id='word_1_114' title='bbox 963 1437 1050 1511; x_wconf 91' lang='lat' dir='ltr'><strong>quin</strong></span> 
     </span>
     <span class='ocr_line' id='line_1_16' title="bbox 67 1521 519 1582; baseline 0 -2"><span class='ocrx_word' id='word_1_115' title='bbox 67 1521 171 1581; x_wconf 89' lang='lat' dir='ltr'><strong>decim</strong></span> <span class='ocrx_word' id='word_1_116' title='bbox 187 1521 252 1581; x_wconf 88' lang='lat' dir='ltr'><strong>dies</strong></span> <span class='ocrx_word' id='word_1_117' title='bbox 268 1521 440 1582; x_wconf 87' lang='lat' dir='ltr'><strong>excedere&#39;</strong></span> <span class='ocrx_word' id='word_1_118' title='bbox 432 1521 519 1582; x_wconf 89' lang='lat' dir='ltr'><strong>russi.</strong></span> 
     </span>
    </p>

    <p class='ocr_par' dir='ltr' id='par_1_3' title="bbox 50 1603 1052 3348">
     <span class='ocr_line' id='line_1_17' title="bbox 50 1603 1050 1680; baseline 0.001 -17"><span class='ocrx_word' id='word_1_119' title='bbox 50 1656 60 1678; x_wconf 79' lang='grc'>,</span> <span class='ocrx_word' id='word_1_120' title='bbox 155 1603 230 1663; x_wconf 90' lang='lat' dir='ltr'><strong>Tum</strong></span> <span class='ocrx_word' id='word_1_121' title='bbox 244 1604 283 1665; x_wconf 92' lang='lat' dir='ltr'><strong>de</strong></span> <span class='ocrx_word' id='word_1_122' title='bbox 299 1606 458 1666; x_wconf 90' lang='lat' dir='ltr'><strong>consulum</strong></span> <span class='ocrx_word' id='word_1_123' title='bbox 471 1603 638 1680; x_wconf 89' lang='lat' dir='ltr'><strong>provinciis</strong></span> <span class='ocrx_word' id='word_1_124' title='bbox 654 1611 795 1678; x_wconf 86' lang='lat' dir='ltr'><strong>coeptum</strong></span> <span class='ocrx_word' id='word_1_125' title='bbox 811 1603 860 1678; x_wconf 88' lang='lat' dir='ltr'><strong>agi</strong></span> <span class='ocrx_word' id='word_1_126' title='bbox 875 1609 931 1664; x_wconf 89' lang='lat' dir='ltr'><strong>est</strong></span> <span class='ocrx_word' id='word_1_127' title='bbox 960 1603 1050 1664; x_wconf 89' lang='lat' dir='ltr'><strong>ambo</strong></span> 
     </span>
     <span class='ocr_line' id='line_1_18' title="bbox 69 1687 1048 1765; baseline -0.002 -17"><span class='ocrx_word' id='word_1_128' title='bbox 69 1689 233 1748; x_wconf 85' lang='lat' dir='ltr'><strong>Graeciam</strong></span> <span class='ocrx_word' id='word_1_129' title='bbox 254 1688 425 1765; x_wconf 89' lang='lat' dir='ltr'><strong>cupiebant.</strong></span> <span class='ocrx_word' id='word_1_130' title='bbox 454 1689 580 1750; x_wconf 90' lang='lat' dir='ltr'><strong>multum</strong></span> <span class='ocrx_word' id='word_1_131' title='bbox 598 1687 747 1748; x_wconf 90' lang='lat' dir='ltr'><strong>Laelius</strong></span> <span class='ocrx_word' id='word_1_132' title='bbox 740 1704 770 1746; x_wconf 93' lang='lat' dir='ltr'><strong>m</strong></span> <span class='ocrx_word' id='word_1_133' title='bbox 792 1695 900 1748; x_wconf 91' lang='lat' dir='ltr'><strong>senatu</strong></span> <span class='ocrx_word' id='word_1_134' title='bbox 920 1693 1048 1762; x_wconf 86' lang='lat' dir='ltr'><strong>poterat.</strong></span> 
     </span>
     <span class='ocr_line' id='line_1_19' title="bbox 66 1771 1050 1846; baseline -0.002 -16"><span class='ocrx_word' id='word_1_135' title='bbox 66 1773 112 1846; x_wconf 88' lang='lat' dir='ltr'><strong>is,</strong></span> <span class='ocrx_word' id='word_1_136' title='bbox 129 1785 199 1830; x_wconf 90' lang='lat' dir='ltr'><strong>cum</strong></span> <span class='ocrx_word' id='word_1_137' title='bbox 213 1779 338 1832; x_wconf 89' lang='lat' dir='ltr'><strong>senatus</strong></span> <span class='ocrx_word' id='word_1_138' title='bbox 354 1779 406 1832; x_wconf 86' lang='lat' dir='ltr'><strong>aut</strong></span> <span class='ocrx_word' id='word_1_139' title='bbox 420 1772 521 1832; x_wconf 89' lang='lat' dir='ltr'><strong>sortiri</strong></span> <span class='ocrx_word' id='word_1_140' title='bbox 537 1777 588 1830; x_wconf 90' lang='lat' dir='ltr'><strong>aut</strong></span> <span class='ocrx_word' id='word_1_141' title='bbox 602 1785 781 1844; x_wconf 83' lang='lat' dir='ltr'><strong>comparare</strong></span> <span class='ocrx_word' id='word_1_142' title='bbox 791 1771 869 1830; x_wconf 89' lang='lat' dir='ltr'><strong>inter</strong></span> <span class='ocrx_word' id='word_1_143' title='bbox 880 1786 914 1830; x_wconf 87' lang='lat' dir='ltr'><strong>se</strong></span> <span class='ocrx_word' id='word_1_144' title='bbox 926 1771 1050 1845; x_wconf 89' lang='lat' dir='ltr'><strong>provin-</strong></span> 
     </span>
     <span class='ocr_line' id='line_1_20' title="bbox 69 1853 1049 1928; baseline -0.002 -14"><span class='ocrx_word' id='word_1_145' title='bbox 69 1855 137 1914; x_wconf 87' lang='lat' dir='ltr'><strong>cias</strong></span> <span class='ocrx_word' id='word_1_146' title='bbox 153 1857 298 1916; x_wconf 88' lang='lat' dir='ltr'><strong>consules</strong></span> <span class='ocrx_word' id='word_1_147' title='bbox 312 1855 472 1928; x_wconf 87' lang='lat' dir='ltr'><strong>iussisset,</strong></span> <span class='ocrx_word' id='word_1_148' title='bbox 487 1854 656 1928; x_wconf 89' lang='lat' dir='ltr'><strong>elegantius</strong></span> <span class='ocrx_word' id='word_1_149' title='bbox 672 1853 806 1914; x_wconf 84' lang='lat' dir='ltr'><strong>tacturos</strong></span> <span class='ocrx_word' id='word_1_150' title='bbox 823 1853 913 1926; x_wconf 90' lang='lat' dir='ltr'><strong>dixit,</strong></span> <span class='ocrx_word' id='word_1_151' title='bbox 932 1853 959 1912; x_wconf 91' lang='lat' dir='ltr'><strong>si</strong></span> <span class='ocrx_word' id='word_1_152' title='bbox 973 1853 1049 1912; x_wconf 89' lang='lat' dir='ltr'><strong>iudi-</strong></span> 
     </span>
     <span class='ocr_line' id='line_1_21' title="bbox 68 1933 1050 2012; baseline 0 -15"><span class='ocrx_word' id='word_1_153' title='bbox 68 1937 119 1997; x_wconf 89' lang='lat' dir='ltr'><strong>cio</strong></span> <span class='ocrx_word' id='word_1_154' title='bbox 135 1943 256 2012; x_wconf 88' lang='lat' dir='ltr'><strong>patrum</strong></span> <span class='ocrx_word' id='word_1_155' title='bbox 271 1953 361 2012; x_wconf 88' lang='lat' dir='ltr'><strong>quam</strong></span> <span class='ocrx_word' id='word_1_156' title='bbox 376 1938 403 1998; x_wconf 90' lang='lat' dir='ltr'><strong>si</strong></span> <span class='ocrx_word' id='word_1_157' title='bbox 424 1938 498 1998; x_wconf 91' lang='lat' dir='ltr'><strong>sorti</strong></span> <span class='ocrx_word' id='word_1_158' title='bbox 519 1953 585 1997; x_wconf 88' lang='lat' dir='ltr'><strong>eam</strong></span> <span class='ocrx_word' id='word_1_159' title='bbox 606 1949 670 1996; x_wconf 88' lang='lat' dir='ltr'><strong>rem</strong></span> <span class='ocrx_word' id='word_1_160' title='bbox 693 1936 915 2010; x_wconf 88' lang='lat' dir='ltr'><strong>permisissent.</strong></span> <span class='ocrx_word' id='word_1_161' title='bbox 945 1933 1050 2010; x_wconf 91' lang='lat' dir='ltr'><strong>Scipio</strong></span> 
     </span>
     <span class='ocr_line' id='line_1_22' title="bbox 69 2019 1050 2096; baseline 0 -18"><span class='ocrx_word' id='word_1_162' title='bbox 69 2035 225 2096; x_wconf 87' lang='lat' dir='ltr'><strong>responso</strong></span> <span class='ocrx_word' id='word_1_163' title='bbox 240 2021 356 2082; x_wconf 89' lang='lat' dir='ltr'><strong>adhoc</strong></span> <span class='ocrx_word' id='word_1_164' title='bbox 371 2020 459 2096; x_wconf 89' lang='lat' dir='ltr'><strong>dato,</strong></span> <span class='ocrx_word' id='word_1_165' title='bbox 485 2021 687 2096; x_wconf 86' lang='lat' dir='ltr'><strong>cogitaturum</strong></span> <span class='ocrx_word' id='word_1_166' title='bbox 708 2019 783 2094; x_wconf 90' lang='lat' dir='ltr'><strong>quid</strong></span> <span class='ocrx_word' id='word_1_167' title='bbox 803 2019 862 2079; x_wconf 88' lang='lat' dir='ltr'><strong>sibi</strong></span> <span class='ocrx_word' id='word_1_168' title='bbox 877 2019 1050 2080; x_wconf 86' lang='lat' dir='ltr'><strong>iaciendum</strong></span> 
     </span>
     <span class='ocr_line' id='line_1_23' title="bbox 68 2103 1051 2180; baseline -0.001 -17"><span class='ocrx_word' id='word_1_169' title='bbox 68 2111 170 2179; x_wconf 91' lang='lat' dir='ltr'><strong>esset,</strong></span> <span class='ocrx_word' id='word_1_170' title='bbox 197 2119 267 2165; x_wconf 91' lang='lat' dir='ltr'><strong>cum</strong></span> <span class='ocrx_word' id='word_1_171' title='bbox 288 2105 380 2166; x_wconf 85' lang='lat' dir='ltr'><strong>tratre</strong></span> <span class='ocrx_word' id='word_1_172' title='bbox 394 2121 456 2166; x_wconf 91' lang='lat' dir='ltr'><strong>uno</strong></span> <span class='ocrx_word' id='word_1_173' title='bbox 477 2107 613 2179; x_wconf 90' lang='lat' dir='ltr'><strong>locutus,</strong></span> <span class='ocrx_word' id='word_1_174' title='bbox 638 2105 807 2180; x_wconf 88' lang='lat' dir='ltr'><strong>iussusque</strong></span> <span class='ocrx_word' id='word_1_175' title='bbox 823 2104 862 2164; x_wconf 90' lang='lat' dir='ltr'><strong>ab</strong></span> <span class='ocrx_word' id='word_1_176' title='bbox 877 2119 914 2164; x_wconf 86' lang='lat' dir='ltr'><strong>eo</strong></span> <span class='ocrx_word' id='word_1_177' title='bbox 927 2103 1051 2177; x_wconf 91' lang='lat' dir='ltr'><strong>permit-</strong></span> 
     </span>
     <span class='ocr_line' id='line_1_24' title="bbox 66 2186 1051 2264; baseline 0.001 -17"><span class='ocrx_word' id='word_1_178' title='bbox 66 2196 135 2248; x_wconf 88' lang='lat' dir='ltr'><strong>tere</strong></span> <span class='ocrx_word' id='word_1_179' title='bbox 146 2189 291 2249; x_wconf 89' lang='lat' dir='ltr'><strong>audacter</strong></span> <span class='ocrx_word' id='word_1_180' title='bbox 302 2189 430 2260; x_wconf 87' lang='lat' dir='ltr'><strong>senatui‚</strong></span> <span class='ocrx_word' id='word_1_181' title='bbox 445 2189 598 2250; x_wconf 87' lang='lat' dir='ltr'><strong>renuntiat</strong></span> <span class='ocrx_word' id='word_1_182' title='bbox 609 2189 745 2264; x_wconf 82' lang='lat' dir='ltr'><strong>collegae</strong></span> <span class='ocrx_word' id='word_1_183' title='bbox 757 2189 906 2250; x_wconf 86' lang='lat' dir='ltr'><strong>iacturum</strong></span> <span class='ocrx_word' id='word_1_184' title='bbox 916 2202 952 2248; x_wconf 89' lang='lat' dir='ltr'><strong>se</strong></span> <span class='ocrx_word' id='word_1_185' title='bbox 962 2186 1051 2264; x_wconf 90' lang='lat' dir='ltr'><strong>&#39;quod</strong></span> 
     </span>
     <span class='ocr_line' id='line_1_25' title="bbox 67 2273 1050 2349; baseline 0.002 -19"><span class='ocrx_word' id='word_1_186' title='bbox 67 2273 97 2330; x_wconf 91' lang='lat' dir='ltr'><strong>is</strong></span> <span class='ocrx_word' id='word_1_187' title='bbox 113 2279 262 2333; x_wconf 81' lang='lat' dir='ltr'><strong>cens-eret.</strong></span> <span class='ocrx_word' id='word_1_188' title='bbox 291 2288 360 2332; x_wconf 86' lang='lat' dir='ltr'><strong>curn</strong></span> <span class='ocrx_word' id='word_1_189' title='bbox 373 2282 425 2332; x_wconf 84' lang='lat' dir='ltr'><strong>ras</strong></span> <span class='ocrx_word' id='word_1_190' title='bbox 440 2280 493 2333; x_wconf 88' lang='lat' dir='ltr'><strong>aut</strong></span> <span class='ocrx_word' id='word_1_191' title='bbox 506 2289 589 2334; x_wconf 90' lang='lat' dir='ltr'><strong>nova</strong></span> <span class='ocrx_word' id='word_1_192' title='bbox 602 2280 654 2333; x_wconf 92' lang='lat' dir='ltr'><strong>aut</strong></span> <span class='ocrx_word' id='word_1_193' title='bbox 672 2278 825 2334; x_wconf 88' lang='lat' dir='ltr'><strong>vetustate</strong></span> <span class='ocrx_word' id='word_1_194' title='bbox 840 2273 1050 2349; x_wconf 88' lang='lat' dir='ltr'><strong>exemplorum</strong></span> 
     </span>
     <span class='ocr_line' id='line_1_26' title="bbox 65 2355 1050 2432; baseline 0.003 -18"><span class='ocrx_word' id='word_1_195' title='bbox 65 2355 235 2416; x_wconf 89' lang='lat' dir='ltr'><strong>memoriae</strong></span> <span class='ocrx_word' id='word_1_196' title='bbox 256 2357 317 2415; x_wconf 90' lang='lat' dir='ltr'><strong>iarn</strong></span> <span class='ocrx_word' id='word_1_197' title='bbox 337 2357 476 2416; x_wconf 89' lang='lat' dir='ltr'><strong>exoletae</strong></span> <span class='ocrx_word' id='word_1_198' title='bbox 497 2358 595 2416; x_wconf 88' lang='lat' dir='ltr'><strong>relata</strong></span> <span class='ocrx_word' id='word_1_199' title='bbox 619 2356 849 2432; x_wconf 87' lang='lat' dir='ltr'><strong>exspectatione</strong></span> <span class='ocrx_word' id='word_1_200' title='bbox 877 2358 1050 2417; x_wconf 89' lang='lat' dir='ltr'><strong>certaminis</strong></span> 
     </span>
     <span class='ocr_line' id='line_1_27' title="bbox 68 2437 1049 2513; baseline -0.002 -15"><span class='ocrx_word' id='word_1_201' title='bbox 68 2445 211 2500; x_wconf 88' lang='lat' dir='ltr'><strong>senatum</strong></span> <span class='ocrx_word' id='word_1_202' title='bbox 228 2439 391 2513; x_wconf 87' lang='lat' dir='ltr'><strong>erexisset,</strong></span> <span class='ocrx_word' id='word_1_203' title='bbox 416 2439 449 2497; x_wconf 88' lang='lat' dir='ltr'><strong>P.</strong></span> <span class='ocrx_word' id='word_1_204' title='bbox 466 2437 570 2513; x_wconf 91' lang='lat' dir='ltr'><strong>Scipio</strong></span> <span class='ocrx_word' id='word_1_205' title='bbox 591 2439 756 2500; x_wconf 83' lang='lat' dir='ltr'><strong>Africanus</strong></span> <span class='ocrx_word' id='word_1_206' title='bbox 777 2438 868 2512; x_wconf 87' lang='lat' dir='ltr'><strong>dixit,</strong></span> <span class='ocrx_word' id='word_1_207' title='bbox 895 2440 921 2498; x_wconf 92' lang='lat' dir='ltr'><strong>si</strong></span> <span class='ocrx_word' id='word_1_208' title='bbox 935 2439 968 2498; x_wconf 90' lang='lat' dir='ltr'><strong>L.</strong></span> <span class='ocrx_word' id='word_1_209' title='bbox 986 2437 1049 2498; x_wconf 89' lang='lat' dir='ltr'><strong>Sci-</strong></span> 
     </span>
     <span class='ocr_line' id='line_1_28' title="bbox 67 2519 1049 2599; baseline -0.005 -17"><span class='ocrx_word' id='word_1_210' title='bbox 67 2523 153 2597; x_wconf 91' lang='lat' dir='ltr'><strong>pioni</strong></span> <span class='ocrx_word' id='word_1_211' title='bbox 168 2523 253 2582; x_wconf 84' lang='lat' dir='ltr'><strong>iratri</strong></span> <span class='ocrx_word' id='word_1_212' title='bbox 267 2539 326 2584; x_wconf 88' lang='lat' dir='ltr'><strong>suo</strong></span> <span class='ocrx_word' id='word_1_213' title='bbox 339 2523 530 2599; x_wconf 88' lang='lat' dir='ltr'><strong>provinciam</strong></span> <span class='ocrx_word' id='word_1_214' title='bbox 546 2521 703 2598; x_wconf 85' lang='lat' dir='ltr'><strong>Graeciam</strong></span> <span class='ocrx_word' id='word_1_215' title='bbox 717 2519 942 2590; x_wconf 88' lang='lat' dir='ltr'><strong>decrevissent,</strong></span> <span class='ocrx_word' id='word_1_216' title='bbox 959 2534 994 2578; x_wconf 92' lang='lat' dir='ltr'><strong>se</strong></span> <span class='ocrx_word' id='word_1_217' title='bbox 1007 2521 1049 2578; x_wconf 90' lang='lat' dir='ltr'><strong>le·</strong></span> 
     </span>
     <span class='ocr_line' id='line_1_29' title="bbox 67 2602 1052 2680; baseline -0.004 -14"><span class='ocrx_word' id='word_1_218' title='bbox 67 2613 172 2680; x_wconf 90' lang='lat' dir='ltr'><strong>gatum</strong></span> <span class='ocrx_word' id='word_1_219' title='bbox 191 2607 312 2668; x_wconf 90' lang='lat' dir='ltr'><strong>iturum.</strong></span> <span class='ocrx_word' id='word_1_220' title='bbox 344 2607 421 2668; x_wconf 89' lang='lat' dir='ltr'><strong>haec</strong></span> <span class='ocrx_word' id='word_1_221' title='bbox 442 2622 505 2666; x_wconf 89' lang='lat' dir='ltr'><strong>vox</strong></span> <span class='ocrx_word' id='word_1_222' title='bbox 526 2619 636 2679; x_wconf 89' lang='lat' dir='ltr'><strong>magno</strong></span> <span class='ocrx_word' id='word_1_223' title='bbox 656 2604 792 2664; x_wconf 88' lang='lat' dir='ltr'><strong>adsensu</strong></span> <span class='ocrx_word' id='word_1_224' title='bbox 813 2603 916 2662; x_wconf 87' lang='lat' dir='ltr'><strong>audita</strong></span> <span class='ocrx_word' id='word_1_225' title='bbox 930 2602 1052 2662; x_wconf 89' lang='lat' dir='ltr'><strong>sustulit</strong></span> 
     </span>
     <span class='ocr_line' id='line_1_30' title="bbox 69 2683 1051 2766; baseline -0.007 -16"><span class='ocrx_word' id='word_1_226' title='bbox 69 2697 233 2751; x_wconf 89' lang='lat' dir='ltr'><strong>certamen.</strong></span> <span class='ocrx_word' id='word_1_227' title='bbox 264 2689 397 2766; x_wconf 86' lang='lat' dir='ltr'><strong>experiri</strong></span> <span class='ocrx_word' id='word_1_228' title='bbox 417 2689 546 2760; x_wconf 86' lang='lat' dir='ltr'><strong>libebat,</strong></span> <span class='ocrx_word' id='word_1_229' title='bbox 567 2695 667 2749; x_wconf 79' lang='lat' dir='ltr'><strong>uuum</strong></span> <span class='ocrx_word' id='word_1_230' title='bbox 688 2688 759 2762; x_wconf 91' lang='lat' dir='ltr'><strong>plus</strong></span> <span class='ocrx_word' id='word_1_231' title='bbox 773 2683 839 2760; x_wconf 90' lang='lat' dir='ltr'><strong>regi</strong></span> <span class='ocrx_word' id='word_1_232' title='bbox 854 2683 1005 2746; x_wconf 83' lang='lat' dir='ltr'><strong>Antiocho</strong></span> <span class='ocrx_word' id='word_1_233' title='bbox 1019 2684 1051 2744; x_wconf 92' lang='lat' dir='ltr'><strong>in</strong></span> 
     </span>
     <span class='ocr_line' id='line_1_31' title="bbox 66 2767 1050 2846; baseline -0.004 -12"><span class='ocrx_word' id='word_1_234' title='bbox 66 2773 239 2834; x_wconf 87' lang='lat' dir='ltr'><strong>Hannibale</strong></span> <span class='ocrx_word' id='word_1_235' title='bbox 251 2774 332 2836; x_wconf 92' lang='lat' dir='ltr'><strong>victo</strong></span> <span class='ocrx_word' id='word_1_236' title='bbox 347 2791 385 2835; x_wconf 89' lang='lat' dir='ltr'><strong>aa</strong></span> <span class='ocrx_word' id='word_1_237' title='bbox 400 2775 431 2834; x_wconf 95' lang='lat' dir='ltr'><strong>in</strong></span> <span class='ocrx_word' id='word_1_238' title='bbox 447 2773 562 2834; x_wconf 89' lang='lat' dir='ltr'><strong>victore</strong></span> <span class='ocrx_word' id='word_1_239' title='bbox 573 2771 718 2832; x_wconf 81' lang='lat' dir='ltr'><strong>Africano</strong></span> <span class='ocrx_word' id='word_1_240' title='bbox 731 2770 849 2832; x_wconf 89' lang='lat' dir='ltr'><strong>consuli</strong></span> <span class='ocrx_word' id='word_1_241' title='bbox 863 2767 1050 2846; x_wconf 88' lang='lat' dir='ltr'><strong>legionibus·</strong></span> 
     </span>
     <span class='ocr_line' id='line_1_32' title="bbox 69 2852 1051 2932; baseline -0.004 -14"><span class='ocrx_word' id='word_1_242' title='bbox 69 2872 130 2932; x_wconf 88' lang='lat' dir='ltr'><strong>que</strong></span> <span class='ocrx_word' id='word_1_243' title='bbox 154 2858 303 2918; x_wconf 87' lang='lat' dir='ltr'><strong>Romanis</strong></span> <span class='ocrx_word' id='word_1_244' title='bbox 333 2857 436 2918; x_wconf 89' lang='lat' dir='ltr'><strong>auxilii</strong></span> <span class='ocrx_word' id='word_1_245' title='bbox 464 2857 559 2928; x_wconf 79' lang='lat' dir='ltr'><strong>ioret3</strong></span> <span class='ocrx_word' id='word_1_246' title='bbox 591 2871 628 2918; x_wconf 88' lang='lat' dir='ltr'><strong>ac</strong></span> <span class='ocrx_word' id='word_1_247' title='bbox 656 2871 756 2932; x_wconf 92' lang='lat' dir='ltr'><strong>prope</strong></span> <span class='ocrx_word' id='word_1_248' title='bbox 781 2869 887 2914; x_wconf 92' lang='lat' dir='ltr'><strong>omnes</strong></span> <span class='ocrx_word' id='word_1_249' title='bbox 915 2852 1051 2928; x_wconf 88' lang='lat' dir='ltr'><strong>Scipioni</strong></span> 
     </span>
     <span class='ocr_line' id='line_1_33' title="bbox 69 2937 1051 3014; baseline -0.003 -13"><span class='ocrx_word' id='word_1_250' title='bbox 69 2941 245 3014; x_wconf 88' lang='lat' dir='ltr'><strong>Graeciam,</strong></span> <span class='ocrx_word' id='word_1_251' title='bbox 260 2941 363 3003; x_wconf 89' lang='lat' dir='ltr'><strong>Laelio</strong></span> <span class='ocrx_word' id='word_1_252' title='bbox 379 2941 495 3002; x_wconf 88' lang='lat' dir='ltr'><strong>ltaliam</strong></span> <span class='ocrx_word' id='word_1_253' title='bbox 510 2941 720 3002; x_wconf 89' lang='lat' dir='ltr'><strong>decreverunt.</strong></span> <span class='ocrx_word' id='word_1_254' title='bbox 747 2939 783 2998; x_wconf 91' lang='grc' dir='ltr'><strong>ΙΙ.</strong></span> <span class='ocrx_word' id='word_1_255' title='bbox 807 2945 967 3014; x_wconf 86' lang='lat' dir='ltr'><strong>praetores</strong></span> <span class='ocrx_word' id='word_1_256' title='bbox 978 2937 1051 2998; x_wconf 90' lang='lat' dir='ltr'><strong>inde</strong></span> 
     </span>
     <span class='ocr_line' id='line_1_34' title="bbox 67 3020 1049 3098; baseline -0.004 -14"><span class='ocrx_word' id='word_1_257' title='bbox 67 3025 246 3098; x_wconf 90' lang='lat' dir='ltr'><strong>provincias</strong></span> <span class='ocrx_word' id='word_1_258' title='bbox 272 3025 370 3087; x_wconf 92' lang='lat' dir='ltr'><strong>sortiti</strong></span> <span class='ocrx_word' id='word_1_259' title='bbox 396 3031 482 3098; x_wconf 89' lang='lat' dir='ltr'><strong>sunt,</strong></span> <span class='ocrx_word' id='word_1_260' title='bbox 507 3025 540 3084; x_wconf 90' lang='lat' dir='ltr'><strong>L.</strong></span> <span class='ocrx_word' id='word_1_261' title='bbox 563 3024 786 3085; x_wconf 86' lang='lat' dir='ltr'><strong>Aurunculeius</strong></span> <span class='ocrx_word' id='word_1_262' title='bbox 806 3023 969 3094; x_wconf 90' lang='lat' dir='ltr'><strong>urbanam,</strong></span> <span class='ocrx_word' id='word_1_263' title='bbox 996 3020 1049 3082; x_wconf 81' lang='lat' dir='ltr'><strong>Gn</strong></span> 
     </span>
     <span class='ocr_line' id='line_1_35' title="bbox 66 3105 1048 3185; baseline -0.005 -17"><span class='ocrx_word' id='word_1_264' title='bbox 66 3107 194 3170; x_wconf 82' lang='lat' dir='ltr'><strong>Fulvius</strong></span> <span class='ocrx_word' id='word_1_265' title='bbox 209 3111 419 3185; x_wconf 75' lang='lat' dir='ltr'><strong>peregrinam,</strong></span> <span class='ocrx_word' id='word_1_266' title='bbox 434 3109 467 3168; x_wconf 93' lang='lat' dir='ltr'><strong>L.</strong></span> <span class='ocrx_word' id='word_1_267' title='bbox 479 3107 628 3168; x_wconf 85' lang='lat' dir='ltr'><strong>Aemilius</strong></span> <span class='ocrx_word' id='word_1_268' title='bbox 637 3107 775 3183; x_wconf 87' lang='lat' dir='ltr'><strong>Regillus</strong></span> <span class='ocrx_word' id='word_1_269' title='bbox 791 3109 940 3178; x_wconf 89' lang='lat' dir='ltr'><strong>classem,</strong></span> <span class='ocrx_word' id='word_1_270' title='bbox 954 3105 986 3163; x_wconf 91' lang='lat' dir='ltr'><strong>P.</strong></span> <span class='ocrx_word' id='word_1_271' title='bbox 1001 3106 1048 3164; x_wconf 94' lang='lat' dir='ltr'><strong>lu-</strong></span> 
     </span>
     <span class='ocr_line' id='line_1_36' title="bbox 67 3187 1048 3266; baseline -0.004 -16"><span class='ocrx_word' id='word_1_272' title='bbox 67 3193 138 3253; x_wconf 89' lang='lat' dir='ltr'><strong>nius</strong></span> <span class='ocrx_word' id='word_1_273' title='bbox 152 3192 266 3254; x_wconf 88' lang='lat' dir='ltr'><strong>Brutus</strong></span> <span class='ocrx_word' id='word_1_274' title='bbox 280 3195 414 3266; x_wconf 88' lang='lat' dir='ltr'><strong>Tuscos,</strong></span> <span class='ocrx_word' id='word_1_275' title='bbox 436 3192 478 3252; x_wconf 89' lang='grc' dir='ltr'><strong>Μ.</strong></span> <span class='ocrx_word' id='word_1_276' title='bbox 493 3191 623 3252; x_wconf 83' lang='lat' dir='ltr'><strong>Tuccius</strong></span> <span class='ocrx_word' id='word_1_277' title='bbox 637 3191 781 3266; x_wconf 92' lang='lat' dir='ltr'><strong>Apuliam</strong></span> <span class='ocrx_word' id='word_1_278' title='bbox 801 3198 832 3252; x_wconf 92' lang='lat' dir='ltr'><strong>et</strong></span> <span class='ocrx_word' id='word_1_279' title='bbox 844 3189 994 3262; x_wconf 89' lang='lat' dir='ltr'><strong>Bruttios,</strong></span> <span class='ocrx_word' id='word_1_280' title='bbox 1017 3187 1048 3246; x_wconf 85' lang='lat' dir='ltr'><strong>G.</strong></span> 
     </span>
     <span class='ocr_line' id='line_1_37' title="bbox 68 3271 1050 3348; baseline -0.005 -14"><span class='ocrx_word' id='word_1_281' title='bbox 68 3275 190 3338; x_wconf 89' lang='lat' dir='ltr'><strong>Atinius</strong></span> <span class='ocrx_word' id='word_1_282' title='bbox 213 3275 356 3338; x_wconf 87' lang='lat' dir='ltr'><strong>Siciliam.</strong></span> <span class='ocrx_word' id='word_1_283' title='bbox 388 3277 507 3338; x_wconf 90' lang='lat' dir='ltr'><strong>consuli</strong></span> <span class='ocrx_word' id='word_1_284' title='bbox 532 3275 643 3336; x_wconf 89' lang='lat' dir='ltr'><strong>deinde</strong></span> <span class='ocrx_word' id='word_1_285' title='bbox 669 3276 717 3335; x_wconf 90' lang='lat' dir='ltr'><strong>cui</strong></span> <span class='ocrx_word' id='word_1_286' title='bbox 739 3275 867 3336; x_wconf 89' lang='lat' dir='ltr'><strong>Graecia</strong></span> <span class='ocrx_word' id='word_1_287' title='bbox 890 3271 1050 3348; x_wconf 89' lang='lat' dir='ltr'><strong>provincia</strong></span> 
     </span>
    </p>
   </div>
   <div class='ocr_carea' id='block_1_3' title="bbox 68 3353 1050 3520">
    <p class='ocr_par' dir='ltr' id='par_1_4' title="bbox 68 3353 1050 3520">
     <span class='ocr_line' id='line_1_38' title="bbox 68 3353 1050 3435; baseline -0.006 -17"><span class='ocrx_word' id='word_1_288' title='bbox 68 3358 194 3421; x_wconf 87' lang='lat' dir='ltr'><strong>decreto</strong></span> <span class='ocrx_word' id='word_1_289' title='bbox 207 3368 280 3435; x_wconf 89' lang='lat' dir='ltr'><strong>erat,</strong></span> <span class='ocrx_word' id='word_1_290' title='bbox 296 3361 337 3422; x_wconf 90' lang='lat' dir='ltr'><strong>ad</strong></span> <span class='ocrx_word' id='word_1_291' title='bbox 348 3376 418 3422; x_wconf 90' lang='lat' dir='ltr'><strong>eum</strong></span> <span class='ocrx_word' id='word_1_292' title='bbox 429 3359 597 3420; x_wconf 88' lang='lat' dir='ltr'><strong>exercitum</strong></span> <span class='ocrx_word' id='word_1_293' title='bbox 613 3374 703 3434; x_wconf 92' lang='lat' dir='ltr'><strong>quem</strong></span> <span class='ocrx_word' id='word_1_294' title='bbox 715 3358 794 3417; x_wconf 88' lang='lat' dir='ltr'><strong>aM&#39;.</strong></span> <span class='ocrx_word' id='word_1_295' title='bbox 805 3357 958 3417; x_wconf 84' lang='lat' dir='ltr'><strong>Acilio-</strong></span> <span class='ocrx_word' id='word_1_296' title='bbox 969 3353 1050 3414; x_wconf 90' lang='lat' dir='ltr'><strong>duae</strong></span> 
     </span>
     <span class='ocr_line' id='line_1_39' title="bbox 68 3439 1048 3520; baseline -0.003 -20"><span class='ocrx_word' id='word_1_297' title='bbox 68 3449 170 3504; x_wconf 88' lang='lat' dir='ltr'><strong>autem</strong></span> <span class='ocrx_word' id='word_1_298' title='bbox 185 3445 323 3519; x_wconf 84' lang='lat' dir='ltr'><strong>legiones</strong></span> <span class='ocrx_word' id='word_1_299' title='bbox 339 3451 426 3505; x_wconf 90' lang='lat' dir='ltr'><strong>erant</strong></span> <span class='ocrx_word' id='word_1_300' title='bbox 436 3477 479 3490; x_wconf 81' lang='lat'><em>-</em></span> <span class='ocrx_word' id='word_1_301' title='bbox 491 3451 674 3520; x_wconf 88' lang='lat' dir='ltr'><strong>accepturus</strong></span> <span class='ocrx_word' id='word_1_302' title='bbox 689 3447 786 3518; x_wconf 86' lang='lat' dir='ltr'><strong>esset,</strong></span> <span class='ocrx_word' id='word_1_303' title='bbox 808 3441 839 3500; x_wconf 92' lang='lat' dir='ltr'><strong>in</strong></span> <span class='ocrx_word' id='word_1_304' title='bbox 854 3439 1048 3516; x_wconf 86' lang='lat' dir='ltr'><strong>supplemen-</strong></span> 
     </span>
    </p>
   </div>
   <div class='ocr_carea' id='block_1_4' title="bbox 0 0 1244 3904">
    <p class='ocr_par' dir='ltr' id='par_1_5' title="bbox 0 0 1244 3904">
     <span class='ocr_line' id='line_1_40' title="bbox 0 0 1244 3904; baseline 0 0"><span class='ocrx_word' id='word_1_305' title='bbox 0 0 1244 3904; x_wconf 95' lang='lat' dir='ltr'><strong> </strong></span> 
     </span>
    </p>
   </div>
  </div>
 </body>
</html>
