2506 3898
255 229 370 292 aman
384 229 545 290 xxxmo.
569 229 651 290 cnr.
665 235 707 318 ra.
720 236 762 290 19.
781 233 815 300 [ι.
829 232 860 284 c.
873 232 935 299 rao]
1021 226 1083 289 aaa

107 386 171 439 tum
198 378 345 439 stationes
365 379 520 439 Romanas
545 385 673 452 repente
698 377 825 453 inuecti,
853 379 910 438 sed
935 379 1086 455 quosdam

105 461 198 522 ctiam
223 461 410 522 occiderunt.
447 461 500 537 qui
520 463 664 522 turnultus
689 477 758 521 curn
778 462 808 521 in
830 468 930 522 casua
951 463 1087 538 perlatus

105 551 200 616 essct,
216 543 478 622 effususrepente
492 543 633 606 omnibus
648 545 745 621 portis
761 543 914 620 equitatus
928 547 1086 607 Romanus

104 628 186 689 fudit
198 629 375 703 fugavitque
391 629 510 702 Gallos,
533 634 563 688 et
577 627 693 704 aliquot
706 629 850 703 fugientis
866 628 987 690 occidit.
1015 629 1087 688 inde

105 713 230 784 consul,
251 719 286 772 ut
306 713 358 788 qul
372 713 432 773 iam
447 713 487 773 ad
499 712 791 788 hostispcrventum
807 720 958 788 cerneret,
980 713 1085 786 explo-

4 795 6 798 ’
103 801 173 856 rato
195 795 306 855 deinde
327 803 447 856 etcum
469 811 542 856 cura
555 803 669 858 ‘coacto
691 797 812 871 agndae
831 796 1028 872 procedebat.
1057 801 1088 856 et

104 877 332 940 continentibus
346 879 505 940 itineribus
521 896 590 940 cum
605 881 645 940 ad
660 878 841 954 Sangarium
855 879 970 940 flumen
983 878 1087 940 venis-

104 970 163 1038 set,
178 969 312 1038 pontem,
329 963 401 1038 quia
413 964 495 1025 vado
509 977 662 1038 nusquam
674 963 821 1024 transitus
837 971 909 1038 erat,
925 963 1028 1024 lacere
1041 963 1086 1021 in·

106 1045 210 1108 stituit.
244 1045 411 1121 Sangarius
427 1064 467 1108 ex
480 1047 606 1107 Adoreo
622 1051 724 1108 monte
738 1061 796 1122 per
808 1045 971 1124 Phrygiam
985 1045 1085 1105 tlucns

103 1127 251 1192 miscetur
275 1131 315 1190 ad
335 1129 508 1210 Bithyniam
527 1128 651 1210 Tymbri
675 1129 787 1200 iluvio;
812 1128 885 1190 inde
909 1129 1006 1188 maior
1026 1128 1086 1188 iam
1176 1151 1179 1164 ·

74 1215 76 1218 ’
103 1212 264 1290 geminatis
284 1213 374 1289 aquis
396 1229 453 1290 per
465 1214 639 1294 Bithyniam
659 1215 754 1274 fertur
773 1219 804 1274 et
822 1213 853 1272 in
867 1211 1084 1288 Propontidem

105 1312 177 1358 sese
198 1296 342 1371 effundit,
368 1314 431 1358 non
451 1303 551 1358 tamen
571 1305 631 1360 tam
651 1295 858 1372 magnitudine
874 1293 1084 1358 memorabilis

106 1397 199 1455 quarn
213 1379 296 1456 quod
311 1380 443 1456 piscium
453 1381 569 1443 accolis
583 1381 737 1457 ingentem
754 1379 816 1440 vim
831 1379 966 1456 praebet.
987 1384 1084 1438 nans-

104 1464 222 1538 grcssis
248 1473 342 1540 ponte
368 1465 504 1540 perlecto
528 1465 657 1539 flumen,
682 1470 804 1540 praeter
824 1464 922 1539 ripam
943 1461 1085 1523 euntibus

104 1547 182 1607 Galli
201 1546 305 1608 matris
325 1564 454 1625 magnac
468 1565 488 1608 a
500 1547 683 1610 Pessinunte
698 1563 861 1608 occurrere
877 1563 945 1608 cum
960 1545 1085 1620 insigni·

102 1631 162 1691 bus
188 1631 269 1706 suis,
294 1633 493 1693 vaticinantes
520 1633 651 1694 lanatico
676 1632 809 1692 carmine
830 1630 919 1692 deam
939 1628 1085 1695 Romanis

103 1715 186 1774 viam
203 1711 277 1776 belli
298 1722 329 1776 et
347 1715 506 1776 victoriam
527 1717 601 1776 darc
621 1716 844 1791 imperiumque
859 1715 926 1778 eius
939 1710 1084 1790 regionis.

102 1799 246 1874 accipere
272 1813 308 1858 sc
329 1813 418 1858 omen
443 1813 512 1858 cum
532 1799 664 1859 dixisset
684 1802 807 1873 consul,
836 1807 937 1860 castra
957 1813 994 1860 eo
1014 1797 1084 1872 ipso

102 1883 174 1942 loco
197 1883 309 1957 posuit.
338 1887 463 1958 postero
486 1881 535 1942 dic
556 1883 597 1942 ad
613 1881 758 1942 Gordium
780 1883 928 1957 pervenit.
958 1881 990 1940 id
1003 1879 1087 1940 haud

102 1981 246 2040 magnum
263 1966 387 2042 quidem
401 1965 548 2041 oppidum
563 1972 624 2039 est,
646 1966 703 2026 scd
717 1967 788 2040 plns
806 1981 898 2039 quum
911 1964 1085 2024 mediterra-

102 2065 194 2110 neum
206 2049 327 2110 celebre
339 2055 369 2111 ct
381 2050 527 2124 frequens
540 2049 721 2126 emporium.
735 2049 793 2110 tria
805 2048 900 2110 maria
911 2047 978 2124 pari
990 2047 1086 2106 terme

104 2133 248 2194 distantia
267 2133 425 2194 intervallo
440 2133 546 2205 habet,
561 2134 810 2208 Hellespontum,
825 2132 866 2194 ad
881 2131 1033 2206 Sinopen,
1056 2136 1086 2188 ct

104 2216 228 2278 alterius
240 2233 313 2279 orac
324 2218 422 2292 litora,
439 2233 499 2294 qua
512 2217 620 2279 Cilices
631 2217 771 2278 maritimi
783 2217 903 2286 colunt;
924 2215 1086 2278 multarum

103 2316 345 2376 magnarumque
366 2309 523 2376 praeterea
537 2303 673 2376 gentium
686 2301 757 2362 finis
773 2299 933 2375 contingit,
957 2313 1086 2374 quarum

105 2379 320 2446 commercium
340 2385 371 2444 in
393 2401 462 2446 eum
481 2384 614 2444 maxime
634 2387 736 2444 locum
757 2385 853 2444 mutui
873 2399 950 2443 usus
965 2390 1084 2444 contra·

103 2483 188 2529 xere.
209 2468 242 2528 id
255 2477 317 2530 turn
333 2469 487 2528 desertum
502 2467 575 2542 tuga
589 2467 757 2527 incolarum
769 2466 927 2548 oppidum,
941 2466 1085 2525 refertum

103 2552 185 2612 idem
201 2553 292 2628 copia
304 2567 404 2612 rerum
420 2549 555 2612 omniurn
568 2551 758 2610 invenerunt.
791 2550 832 2610 ibi
847 2547 957 2610 stativa
970 2547 1083 2607 haben·

104 2636 186 2696 tibus
207 2637 300 2711 legati
320 2635 358 2695 ab
378 2635 578 2711 Eposognato
598 2641 776 2707 venerunt‚'
789 2632 962 2694 nuntiantes
983 2631 1082 2706 prol·

104 2726 186 2780 ctum
200 2735 270 2780 cum
284 2720 324 2779 ad
338 2721 462 2795 regulos
474 2718 628 2780 Gallorum
643 2715 718 2778 nillil
730 2717 821 2792 aequi
833 2717 1031 2790 impetrasse
1047 2727 1087 2772 ex

104 2803 327 2878 campestribus
342 2803 419 2863 vicis
435 2801 581 2878 agrisque
592 2803 769 2878 trequentes
780 2799 959 2874 demigrare,
975 2803 1006 2858 et
1017 2811 1085 2856 cum

105 2887 288 2962 coniugibus
304 2903 340 2946 ac
354 2885 460 2947 liberis
477 2902 556 2962 quac
570 2886 650 2946 ferre
665 2893 756 2962 atque
770 2897 863 2960 agere
878 2882 1001 2958 possint
1011 2895 1086 2956 prae

104 2986 140 3030 se
155 2971 273 3046 agentis
288 2971 500 3046 portantisque
513 2969 676 3048 Olympum
691 2975 824 3032 montem
839 2974 952 3043 petere,
967 2964 1086 3026 atinde

103 3053 197 3114 annis
212 3055 412 3130 locorumque
427 3055 488 3116 situ
502 3068 574 3114 sese
587 3060 738 3116 tueantur.
760 3051 837 3112 XIX.
860 3049 990 3112 certiora
1002 3055 1085 3123 post-

104 3152 142 3197 ea
157 3137 401 3200 Oroandensium
418 3137 701 3212 legatilauulerunt,
722 3133 998 3208 Tolistobogiorum
1013 3129 1086 3190 civi-

106 3228 195 3282 tatem
216 3221 378 3301 Olympum
402 3228 536 3282 montem
562 3220 701 3296 cepissc3
734 3220 875 3280 diversos
896 3217 1085 3288 Tectosagos

104 3304 195 3365 alium
221 3313 371 3380 montem,
396 3305 449 3382 qui
469 3303 600 3380 Magaba
620 3304 752 3378 dicatur,
778 3301 910 3380 petissc;
939 3297 1086 3360 Trocmos

105 3389 287 3464 coniugibus
308 3405 344 3450 ac
358 3389 463 3450 liberis
484 3388 567 3464 apud
579 3387 768 3462 Tectosagos
789 3381 941 3460 depositis
956 3387 1085 3443 armato·

104 3488 170 3532 rum
193 3471 313 3549 agnnine
325 3471 542 3547 Tolistobogiis
558 3471 704 3532 statuisse
718 3469 863 3530 auxilium
878 3468 967 3528 terre.
1000 3473 1086 3526 erant
