2506 3898
200 223 262 290 em
325 221 611 284 11111111111111.
634 221 771 284 onnia
783 229 827 284 11.
851 221 1048 300 [1111115]

199 375 230 437 ‘n
246 391 343 438 eoruu
355 381 488 449 utroque
498 401 540 417 -
551 371 583 432 id
597 373 677 431 enini
690 370 811 433 roboris
825 371 1080 432 essevidebatur
1089 399 1138 416 -—
1148 371 1185 432 io·

200 465 303 530 batosa
331 456 541 534 pugnaveritis
559 460 593 516 ut
612 467 682 516 oum
701 453 842 516 hostibus
862 453 968 526 iustis,
996 451 1189 528 decideritis,

200 544 300 620 spolia
321 555 427 603 eorum
442 539 625 600 rettuleritls.
659 539 742 614 atqui
757 552 827 599 euni
841 537 1011 613 Antiocho,
1033 553 1108 598 non
1124 551 1191 598 eun

200 627 292 688 Gallis
311 624 424 685 bellum
444 629 475 684 et
494 627 620 684 senatus
641 621 820 682 decreverat
834 627 864 682 et
885 621 1024 696 populus
1037 621 1191 682 iusserat

200 711 257 772 aad
278 709 382 782 simul,
402 711 436 768 ut
455 705 567 782 opinor
583 717 653 766 erun
672 705 722 766 his
742 705 942 766 decreverant
961 703 1194 778 iusseruntque

200 793 252 870 qui
271 793 349 854 intra
368 789 524 866 praesidia
544 787 611 849 eius
632 787 777 857 luissenta
799 801 839 848 ex
854 783 965 864 qulbus
980 795 1121 864 praeter
1131 790 1195 847 An·

199 873 347 947 tiochum,
373 887 443 934 eum
464 886 526 948 quo
548 885 657 947 paoem
678 873 837 948 pepigerat
856 871 961 948 Scipio
981 879 1013 932 et
1033 885 1116 933 eum
1133 885 1196 946 quo

199 957 376 1020 nominatim
397 955 509 1018 foedus
529 961 563 1016 ut
581 954 668 1016 heret
686 955 913 1016 mandaueratis
920 1001 931 1031 ,1
950 965 1060 1018 omnes
1078 955 1193 1016 hostes

200 1047 300 1114 erant,
323 1039 376 1116 qui
397 1051 455 1116 pro
470 1035 624 1100 Antiocho
646 1049 731 1100 anna
744 1038 895 1100 aduersus
910 1051 969 1100 nos
982 1039 1141 1102 1111111111,
1166 1039 1193 1096 in

201 1139 263 1203 qua
277 1137 372 1185 eausa
386 1134 455 1184 oum
467 1122 544 1182 datii
559 1129 628 1182 ante
643 1134 750 1183 ornnes
764 1121 896 1183 luissent
906 1129 936 1183 et
945 1123 1050 1196 reguli
1058 1122 1194 1199 quidem

202 1216 233 1270 et
246 1208 385 1287 wmnni,
406 1221 464 1282 ego
479 1213 580 1266 temen
594 1211 625 1264 et
639 1218 708 1266 cunr
723 1205 805 1278 ahie,
828 1211 884 1280 pro
901 1205 1050 1280 dignitate
1064 1205 1194 1280 imperii

200 1292 296 1354 vestri
312 1289 426 1352 coneus
440 1291 526 1350 luere
539 1295 667 1364 pearata
682 1301 747 1362 suu,
766 1299 876 1364 paoem
889 1289 1012 1364 pepigi3
1035 1296 1068 1348 et
1084 1289 1192 1348 Gallo·

200 1387 267 1436 rum
282 1375 410 1446 animos,
426 1373 453 1434 si
467 1378 598 1448 possent
610 1371 740 1448 unigeni
752 1386 771 1432 a
782 1373 901 1433 feritare
910 1369 1010 1445 insita,
1025 1371 1190 1448 temptavi

201 1461 230 1520 et
244 1465 407 1534 postquam
422 1455 586 1518 indomitos
602 1462 694 1530 atqua
708 1456 916 1532 implacabiles
928 1455 1110 1531 cernebam,
1125 1463 1191 1515 ium

201 1543 323 1604 denium
335 1542 365 1600 vi
377 1545 469 1616 atque
481 1539 572 1600 armis
584 1531 772 1600 coercendos
783 1545 957 1600 natussum.
978 1549 1074 1611 nune,
1088 1553 1189 1615 quon·

200 1624 260 1684 iam
281 1624 418 1699 suseepti
439 1622 510 1684 beili
531 1627 693 1698 purgatum
713 1629 760 1685 est
780 1623 908 1697 eumen,
929 1621 1010 1698 gesti
1023 1622 1189 1686 reddenda

201 1714 250 1768 est
264 1707 350 1768 ratio.
373 1706 404 1766 in
420 1719 481 1779 quo
497 1705 683 1767 confiderem
694 1705 836 1780 equidem
851 1715 965 1766 causae
975 1717 1076 1781 meae,
1095 1705 1186 1768 etiem

203 1791 229 1852 si
245 1805 307 1850 non
329 1789 411 1865 apud
424 1788 596 1850 Romanum
618 1790 675 1850 sed
695 1790 778 1865 apud
793 1787 1073 1864 carthaginiensem
1096 1799 1185 1850 sena

201 1883 263 1936 tum
279 1885 416 1949 agerem,
438 1873 490 1934 ubi
505 1873 536 1933 in
552 1887 673 1934 erucem
687 1873 750 1933 tolli
764 1873 965 1948 imperatores
981 1872 1145 1946 dieantur,
1160 1873 1185 1931 si

202 1969 354 2036 prospero
369 1963 488 2028 eventu,
505 1969 602 2032 pravo
618 1953 746 2018 consilo
761 1969 826 2016 rem
840 1961 1013 2030 gesserunt.
1048 1957 1111 2019 sed
1127 1968 1184 2030 ago

201 2043 232 2101 in
247 2055 285 2101 ea
300 2041 429 2114 civitate,
446 2053 525 2114 quae
539 2039 610 2102 ideo
622 2039 764 2100 omnibns
774 2039 869 2100 rebus
879 2037 1063 2114 incipiendis
1075 2052 1184 2114 geren

202 2125 313 2198 disque
334 2125 411 2184 deos
434 2121 571 2196 adhibet,
594 2121 798 2196 quianullus
820 2122 989 2182 ouiumniaa
1009 2123 1127 2184 subint
1141 2135 1183 2194 eu,

202 2217 282 2280 quae
297 2204 338 2264 dii
353 2203 641 2278 comprobaverunt,
656 2211 687 2264 et
700 2206 731 2264 iu
747 2205 946 2266 sollemnibus
961 2206 1065 2266 vorbis
1080 2205 1182 2279 hahet,

202 2303 271 2348 cuin
285 2285 541 2362 supplicationem
555 2294 606 2349 aut
618 2287 804 2364 triumphum
818 2288 962 2364 deoemn,
983 2289 1090 2364 „quod
1102 2288 1185 2349 bene

201 2386 239 2432 ae
249 2369 450 2432 ielieiierrem
458 2369 611 2447 publicam
625 2372 870 2446 administrantur,
880 2373 907 2433 si
918 2373 1040 2446 nouem,
1048 2369 1078 2432 si
1087 2385 1183 2446 grave

202 2471 239 2518 ao
261 2454 428 2531 superbum
449 2455 655 2518 existimarem
672 2457 782 2518 virtute
803 2453 942 2530 gloriari,
965 2471 1021 2530 pro
1039 2455 1184 2517 ieiieitaie

201 2553 270 2600 mea
291 2539 508 2616 exercitusque
527 2541 601 2614 mei,
625 2540 709 2614 quod
730 2547 842 2601 taniam
864 2538 1017 2600 uodonem
1039 2539 1106 2599 sine
1120 2540 1183 2600 arlia

202 2623 328 2683 militurn
342 2623 458 2685 iactura
472 2623 655 2698 devicimus,
675 2625 870 2699 postularem,
885 2630 919 2682 ut
933 2623 992 2684 diis
1007 2622 1183 2684 immortuli—

201 2705 261 2766 bus
285 2706 387 2769 honos
411 2707 575 2769 haberetur
599 2714 629 2768 eb
647 2707 716 2782 ipse
736 2705 925 2782 triumphans
947 2707 979 2767 in
1001 2705 1182 2781 capitolium

202 2791 418 2864 ascenderem,
443 2791 526 2850 unde
546 2791 625 2850 votis
644 2791 701 2850 nita
721 2789 903 2866 nuncuparis
924 2789 1083 2866 proieetos
1103 2802 1180 2860 sum,

202 2872 356 2945 negaretis
371 2873 430 2932 hoc
444 2872 516 2930 mihi
532 2887 601 2931 oum
616 2873 674 2931 diis
689 2874 951 2934 immortalibus‘i
981 2869 1084 2934 XLIX.
1106 2871 1181 2947 „ini

204 2970 265 3030 quo
281 2951 361 3014 euim
374 2956 444 3016 loeo
460 2952 610 3014 dimicari.
643 2954 810 3031 dirigitur,
835 2973 896 3032 quo
911 2956 1059 3034 aequiore
1073 2961 1180 3032 potae·

201 3037 258 3100 rim
273 3036 426 3100 dimicare.
450 3051 520 3098 mim
534 3043 667 3098 montem
680 3038 787 3100 hostes
803 3041 967 3116 oepissent,
981 3042 1051 3100 loeo
1063 3037 1179 3100 munito

203 3139 238 3186 se
257 3128 410 3194 tenuent,
436 3133 546 3196 nempe
564 3122 700 3183 eundum
722 3123 762 3184 ad
782 3123 889 3184 hostes
909 3130 989 3198 erut,
1007 3123 1038 3183 si
1057 3123 1181 3184 vindere

201 3209 322 3269 vellem.
351 3205 446 3282 quido
466 3205 493 3264 si
506 3203 614 3265 urbem
628 3221 666 3266 eo
680 3207 750 3267 loeo
764 3201 956 3268 haberentet
969 3206 1131 3268 moenibus
1147 3219 1179 3265 se

202 3295 361 3352 tenerentt
380 3305 491 3366 nennpe
512 3289 711 3364 oppugnandi
732 3299 826 3352 aaut.
861 3291 956 3366 quida
977 3290 1017 3351 ad
1036 3286 1178 3354 111111110-

203 3375 294 3452 pylas
309 3389 451 3448 aequone
465 3375 534 3434 loeo
545 3371 596 3432 Μ’.
608 3373 725 3435 Aoilius
738 3387 806 3434 oum
815 3387 889 3449 rege
898 3373 1051 3435 Antinoino
1063 3385 1177 3448 pugna

202 3457 267 3514 viti
294 3457 389 3528 quill
417 3455 590 3530 Philippum
617 3472 679 3517 non
708 3458 934 3518 eodemmodo
960 3459 1176 3532 supernorum
