2506 3898
182 196 248 261 sot
290 195 564 258 umnamorvn.
587 193 839 258 carmena.
863 196 945 266 [tu.
959 198 1060 274 aaa]

185 353 252 415 suis
268 350 439 425 legerere,
461 347 513 424 qui
528 363 596 408 cum
611 347 739 408 consule
754 347 873 420 luerint,
891 345 1040 408 certiores
1056 349 1167 409 laetos.

187 436 318 498 rumoris
340 433 430 494 huius
446 431 518 506 qula
532 431 682 492 neminem
696 430 788 492 ulium
803 438 959 491 auctorem
974 429 1094 506 habeo,
1114 447 1168 491 ue·

188 535 250 598 que
270 517 428 579 adfirmata
446 531 498 576 res
520 531 589 575 meu
610 514 755 589 opinione
775 513 814 576 sit
833 529 890 574 nee
910 529 968 589 pro
984 531 1067 575 vana
1079 529 1168 590 prae

188 603 338 666 termisse.

270 685 371 746 xllx.
403 683 503 744 Aetoli
524 682 615 758 legati
635 683 664 741 in
687 688 824 742 senatum
846 682 1027 754 introducti,
1048 697 1121 742 cum
1141 692 1169 744 et

188 786 284 832 causa
304 785 360 829 eos
380 784 436 828 suu
457 775 487 827 et
507 768 629 834 fortuna
647 766 833 840 hortaretur,
858 774 891 826 ut
913 766 1092 827 confitendo
1113 783 1171 828 seu

188 857 297 929 culpae
311 867 369 912 seu
383 851 479 912 errori
492 850 613 912 veniam
627 857 765 926 peterent
779 851 946 926 supplices,
963 849 1027 912 orsi
1040 866 1062 910 a
1076 851 1170 912 bene-

187 937 266 999 flciis
287 937 317 996 in
340 936 489 1011 populum
502 935 687 1009 Romanum,
710 942 740 994 et
754 949 853 1008 prope
867 933 1094 1009 exprobrantes
1109 935 1170 994 vir-

186 1028 282 1084 tutem
302 1035 389 1080 suam
409 1020 440 1078 in
454 1018 583 1094 Philippi
603 1019 698 1092 bello,
721 1026 751 1079 et
770 1017 965 1080 offenderunt
978 1033 1072 1079 aures
1087 1019 1170 1080 inso-

188 1105 282 1167 lentie
295 1102 461 1177 semonia,
477 1111 507 1164 et
521 1119 558 1164 eo
573 1109 677 1163 vetera
691 1108 722 1162 et
735 1101 906 1163 oblitterata
919 1103 1093 1178 repetendo
1106 1117 1172 1162 rem

189 1191 398 1263 adduxerunt,
418 1195 454 1248 ut
474 1187 553 1248 haud
577 1189 667 1262 paulo
683 1186 815 1262 plurium
827 1185 1049 1247 maleficiorum
1071 1185 1172 1262 genus

189 1290 282 1352 quam
303 1273 521 1334 beneficiorum
542 1271 688 1346 memoria
707 1270 824 1330 subiret
843 1271 961 1332 animos
983 1277 1123 1346 pabulo,
1145 1279 1174 1331 et

189 1359 303 1435 quibus
323 1355 533 1417 misericordia
553 1371 631 1430 opus
653 1360 731 1428 erat,
753 1354 828 1414 iram
843 1362 874 1415 et
889 1355 995 1416 οᾶὶιιιιι
1008 1353 1172 1415 irritarent

188 1441 365 1515 interrogati
387 1440 425 1500 ab
442 1456 503 1499 uno
519 1446 677 1512 senatore,
699 1439 944 1513 permitterentne
958 1439 1118 1499 arbitrium
1133 1439 1172 1498 de

190 1541 227 1586 se
241 1526 357 1600 populo
371 1525 525 1592 Romnum
548 1523 661 1582 deinde
676 1523 715 1582 ab
729 1523 840 1594 altero,
856 1523 1027 1584 habiturine
1039 1523 1171 1584 eosdem

190 1626 270 1684 quos
294 1608 428 1682 populus
443 1608 599 1667 Romanus
614 1607 718 1666 socios
735 1613 766 1666 et
777 1605 876 1668 hostis
899 1613 1019 1682 esseut,
1041 1606 1119 1666 nihil
1133 1607 1172 1666 ad

188 1709 228 1751 ea
249 1691 472 1765 respondentes
494 1691 599 1766 egredi
615 1691 726 1766 templo
741 1691 819 1751 iussi
834 1698 914 1752 sunt.
947 1693 1171 1754 conclamatum

190 1775 302 1836 deiude
319 1791 415 1850 prope
429 1775 468 1835 ab
484 1775 629 1835 universo
642 1781 750 1835 senatu
761 1781 809 1836 est
821 1781 903 1837 totos
915 1775 1017 1836 adhue
1028 1775 1172 1836 Antiochi

191 1861 320 1920 Aetolos
334 1875 415 1933 esse,
438 1866 469 1919 et
483 1875 522 1919 ex
538 1861 627 1920 unica
641 1875 681 1920 ea
695 1875 753 1933 spe
770 1861 905 1934 pendere
919 1861 1039 1920 animos
1055 1875 1171 1920 eorum.

192 1945 295 2020 itaque
312 1945 425 2004 bellum
450 1959 519 2004 oum
540 1944 623 2005 haud
637 1942 737 2004 dubiis
759 1944 898 2004 hostibus
919 1945 1088 2019 gerendum
1103 1959 1171 2019 per·

192 2029 429 2103 domandosquc
446 2029 567 2088 seroces
582 2029 701 2088 animos
717 2041 797 2088 esse.
826 2027 878 2088 illa
892 2028 981 2088 etiam
996 2043 1048 2089 res
1063 2041 1172 2088 acceu-

192 2113 243 2185 dit,
261 2112 344 2186 quod
359 2127 396 2170 eo
413 2112 482 2185 ipso
495 2117 650 2186 tempore,
672 2127 735 2186 quo
749 2125 857 2186 paoem
873 2111 912 2171 ab
926 2112 1074 2174 Romanis
1088 2118 1173 2186 pete-

192 2195 280 2267 bant,
302 2194 452 2268 Dolopiae
472 2201 564 2268 atque
577 2195 778 2255 Athamaniae
793 2193 905 2256 bellum
919 2196 1101 2256 inferebant.
1125 2210 1173 2256 se

193 2286 282 2338 natus
303 2278 474 2338 consultum
491 2278 520 2337 in
535 2277 585 2338 Μ’.
599 2277 690 2339 Acilii
704 2279 899 2355 sententiam,
920 2280 972 2355 qui
985 2279 1176 2340 Antiochum

192 2361 382 2436 Aetolosque
404 2359 571 2436 devicerat,
591 2364 704 2422 lactum
723 2371 784 2438 est,
806 2370 840 2424 ut
852 2363 954 2425 Aetoli
969 2379 1007 2424 eo
1021 2363 1073 2422 die
1087 2363 1176 2424 iube-

191 2453 296 2506 rentur
317 2445 471 2520 prcfioisci
493 2447 532 2506 ab
545 2447 622 2506 urbe
637 2453 667 2506 et
680 2448 759 2508 intra
773 2449 909 2524 quintum
925 2448 1077 2508 decimum
1093 2447 1175 2506 diem

192 2530 277 2592 ltalia
291 2530 452 2590 excedere.
474 2532 511 2591 Α.
523 2531 680 2592 Terentius
695 2531 794 2592 Varro
810 2533 850 2592 ad
866 2531 1102 2593 custodiendum
1118 2531 1178 2591 iter

191 2629 299 2675 eorum
314 2615 444 2686 missus,
461 2615 745 2690 denuntiatumque,
761 2616 865 2691 siqua
880 2616 991 2677 deinde
1005 2615 1120 2690 legatio
1136 2629 1178 2674 ex

192 2697 325 2770 Aetolis,
351 2698 410 2758 nisi
432 2699 586 2773 permissu
607 2698 798 2774 imperatoris
820 2701 873 2775 qui
894 2715 962 2760 eam
984 2699 1177 2774 provinciam

191 2781 357 2854 obtineret,
379 2787 410 2842 et
430 2797 498 2842 cum
520 2783 619 2857 legato
634 2783 773 2844 Romano
793 2784 931 2845 venisset
950 2785 1097 2858 Romam,
1120 2799 1176 2859 pro

86 2931 88 2936 ,
194 2863 335 2926 hostibus
351 2863 450 2925 omnis
465 2867 595 2926 iuturus.
618 2867 658 2927 ita
673 2867 791 2928 dimissi
805 2867 914 2929 Aetoli.

275 2947 309 3008 L.
332 2949 377 3008 Ile
393 2947 559 3024 provinciis
574 2950 686 3011 deinde
698 2953 842 3014 consules
854 2955 1048 3014 rettulerunt:
1071 2950 1177 3012 sortiri

191 3047 247 3092 eos
268 3030 419 3092 Aetoliam
444 3039 475 3092 et
493 3032 599 3094 Asiam
626 3036 752 3110 placuit3
785 3043 815 3096 et
839 3037 891 3112 qui
913 3037 1021 3098 Asiam
1046 3035 1175 3097 sortitus

192 3122 290 3188 esset,
313 3116 466 3177 exercitus
481 3117 509 3177 ei
529 3134 621 3193 quem
635 3119 667 3178 L.
685 3119 788 3196 Scipio
809 3121 937 3182 haberet
955 3127 1004 3180 est
1019 3120 1176 3194 decretus,

192 3206 223 3258 et
236 3199 266 3259 in
281 3215 350 3260 eum
366 3201 610 3276 supplementum
624 3210 766 3277 quattuor
777 3203 858 3264 milia
871 3203 1005 3279 peditum
1017 3205 1175 3265 Romano-

193 3299 268 3357 rum,
290 3284 411 3346 duoenti
426 3285 561 3361 equites,
577 3293 607 3346 et
622 3287 776 3348 sociorum
791 3303 827 3348 ac
842 3288 939 3350 Latini
953 3287 1087 3349 neminis
1104 3293 1175 3349 octo

187 3365 274 3426 ¹milia
295 3367 430 3442 peditum
451 3377 481 3429 et
500 3369 712 3444 quadringenti
727 3371 862 3447 equites:
884 3371 932 3433 his
948 3372 1048 3447 copiis
1064 3378 1099 3433 ut
1111 3372 1175 3434 bel-

193 3445 253 3504 lum
274 3463 342 3507 cum
363 3451 514 3512 Antiocho
535 3461 663 3526 gereret.
695 3455 781 3514 alleri
803 3455 923 3516 consuli
943 3456 1100 3518 exercitus
1121 3455 1172 3532 qui
