2482 3900
206 263 315 322 LIBER
328 261 446 320 XXXII.
470 260 552 320 ΟΑΡ.
563 269 605 322 23.
617 269 660 321 24.
684 267 720 335 [a.
733 267 765 320 C.
778 268 838 334 198]
968 261 1010 325 69

60 425 126 477 netu
144 431 258 490 poenae
271 431 289 474 a
301 414 449 476 Romanis
464 413 636 489 Philippum
651 421 773 488 secuta,
795 429 868 488 pars
884 417 1010 474 navales

59 500 121 560 socii
132 499 237 560 relictis
250 513 346 573 nuper
358 497 511 558 classibus
522 498 562 557 ad
573 513 661 572 spem
672 497 877 560 honoratioris
888 497 1011 558 militiae

60 581 228 657 aaasgressl.
254 581 312 642 hos
328 583 492 656 desperata
506 583 600 656 salus,
616 582 642 642 si
656 579 786 642 Romani
800 580 955 652 vicissent,
971 582 1010 640 ad

59 666 151 726 rabiem
164 665 257 740 magis
274 681 365 744 quam
380 665 538 726 audaciam
550 665 746 726 accendebat.
770 665 1011 740 promuntorium

60 757 95 810 ast
111 751 250 810 adversus
266 747 447 827 Sicyonem,
470 750 596 810 lunonis
618 765 709 823 quarn
724 755 837 810 vocant
850 749 1010 821 Acraeam,

58 834 80 891 ia
99 837 179 894 dmm
205 848 388 902 excurrens3
421 833 566 894 traiectus
594 833 665 892 inde
690 833 863 894 Corinthum
893 840 1011 907 septem

59 918 134 978 lerna
146 917 254 978 milium
270 933 429 993 passuum.
450 932 488 976 eo
502 915 663 989 Philocles,
678 917 780 992 regius
796 923 827 975 et
839 917 907 991 ipse
923 933 1009 990 prae·
1066 911 1068 918 ’

59 1002 149 1073 leatus,
173 1003 252 1062 mille
272 1009 304 1062 ct
322 1002 504 1076 quingentos
532 1002 640 1061 milites
662 1017 717 1074 per
735 1001 894 1060 Boeotiam
915 1001 1009 1060 duxit.

59 1093 158 1157 praesto
178 1086 261 1145 luere
283 1085 322 1146 ab
338 1083 480 1144 Corintho
501 1083 606 1156 lembi,
629 1084 681 1157 qui
702 1083 888 1158 praesidium
909 1084 940 1142 id
960 1099 1007 1143 ae·

58 1176 157 1243 ceptum
167 1167 338 1230 Lechaeum
354 1168 522 1228 traicerent.
544 1175 651 1228 auctor
666 1174 732 1227 erat
741 1167 861 1226 Attalus
876 1166 1009 1226 incensis

58 1252 180 1324 operibus
191 1253 376 1314 omittendae
387 1254 541 1326 extemplo
554 1250 805 1326 oppugnationis.
825 1249 1009 1323 pertinacius

58 1335 210 1416 [Quinctius]
223 1337 384 1397 Romanus
404 1335 435 1393 in
456 1336 579 1410 incepto
603 1333 767 1409 perstabat.
796 1333 823 1394 is
839 1348 965 1407 quoque
979 1340 1011 1391 ut

59 1434 100 1491 pro
117 1421 250 1480 omnibus
271 1419 369 1495 portis
391 1418 542 1494 disposita
563 1419 645 1478 videt
664 1415 820 1493 praesidia
833 1417 932 1490 regia,
954 1431 1011 1476 neo

61 1501 126 1563 'aelle
138 1505 358 1578 erumpentium
372 1503 504 1578 impetus
518 1500 664 1563 sustineri
675 1517 782 1577 posse,
796 1501 826 1560 ia
837 1500 929 1560 Attali
940 1515 1009 1560 sen·

58 1585 156 1646 tentiam
179 1585 344 1649 concessit.
377 1587 419 1646 ita
438 1587 521 1646 irrito
547 1587 683 1661 incepto,
710 1585 846 1646 dimissis
867 1583 1011 1660 Achaeis,

57 1669 161 1730 reditum
175 1673 214 1731 ad
235 1686 333 1732 naves
349 1679 404 1731 est.
438 1671 558 1731 Attalus
572 1670 737 1744 Piraeeum,
752 1668 882 1730 Romani
898 1667 1011 1746 Corcy-

56 1768 113 1818 ram,
136 1755 272 1818 etierunt.

120 1839 227 1907 ludu
244 1841 324 1900 Dum
335 1837 411 1900 haec
424 1838 461 1898 ab
474 1837 573 1898 navali
586 1837 721 1897 exercitu
731 1841 886 1910 geruntur,
903 1837 1011 1896 consul

56 1917 77 1977 io
93 1919 214 1984 Phocide
240 1923 282 1982 ad
301 1921 437 1984 Elabeam
462 1921 571 1982 eastris
595 1921 705 1996 positis
730 1921 827 1994 primo
849 1919 1011 1994 colloquiis

56 2017 103 2062 ren
121 2021 173 2080 per
192 2007 351 2082 principes
366 2006 553 2066 Elatensium
567 2004 737 2078 temptavit=
760 2010 924 2077 postquam
939 2001 1011 2061 nihil

55 2099 110 2146 esse
125 2089 153 2150 in
175 2107 271 2152 aranu
292 2107 364 2163 sua,
391 2098 420 2150 et
440 2091 542 2163 plures
564 2087 794 2162 validioresque
814 2101 887 2146 esse
907 2086 1010 2160 regios

56 2185 126 2242 luam
138 2173 321 2250 oppidanos,
337 2173 591 2248 respondebatur,
605 2182 667 2232 tum
678 2169 769 2231 siraul
779 2171 817 2229 ab
831 2170 912 2230 omni
924 2175 1011 2244 parte

56 2255 178 2328 oporibus
198 2258 358 2334 armisque
377 2257 484 2316 urbem
505 2262 553 2316 est
565 2256 744 2330 adgressus.
777 2253 872 2314 ariete
887 2254 1011 2314 admoto

55 2352 119 2412 cum,
140 2348 286 2418 quantum
306 2342 384 2400 inter
404 2348 503 2400 turres
517 2337 595 2400 muri
610 2347 688 2411 erat,
710 2345 868 2412 prorutum
883 2352 951 2396 cum
967 2337 1010 2395 in·

55 2424 118 2492 genti
130 2425 251 2500 fragore
266 2440 303 2486 ac
318 2423 447 2500 strepitu
461 2425 610 2484 nudasset
620 2423 735 2494 urbem,
751 2421 840 2480 simul
855 2427 886 2479 et
899 2420 1011 2479 cohors

53 2502 168 2570 Romana
187 2525 246 2584 per
268 2517 407 2584 apertum
427 2507 541 2568 recenti
562 2513 663 2578 strage
684 2505 740 2564 iter
762 2505 889 2569 invasit;
922 2511 952 2561 et
973 2517 1013 2561 ex

54 2591 170 2653 omnibus
192 2593 303 2668 oppidi
317 2591 454 2667 partibus
470 2587 583 2650 relictis
598 2589 664 2647 suis
682 2587 815 2660 quisque
830 2586 1012 2646 stationibus

52 2671 73 2730 in
86 2689 145 2736 eum
165 2677 218 2752 qui
239 2676 435 2754 premebatur
453 2676 567 2748 impetu
588 2671 719 2731 hostium
734 2671 836 2730 locum
851 2683 1012 2730 concurre-

52 2767 113 2816 runt.
142 2762 254 2822 eodem
269 2766 407 2834 tempore
421 2759 550 2818 Romani
568 2763 599 2816 et
611 2755 716 2819 ruinas
732 2753 810 2814 muri
825 2753 1012 2829 supervade-

53 2835 106 2900 bant
124 2851 152 2905 et
171 2847 275 2904 scalas
296 2843 466 2904 adstantia
486 2841 606 2901 moenia
624 2839 803 2899 inserebant.
840 2847 870 2898 et
890 2837 962 2898 dum
982 2835 1012 2894 in

51 2936 124 2984 unam
143 2935 262 3002 partem
284 2929 393 2988 oculos
410 2926 593 3000 animosque
608 2923 741 2983 hostium
756 2918 909 2982 certarnen
925 2936 1011 2981 aver-

52 3011 124 3080 terat,
144 3011 284 3086 pluribus
306 3010 384 3074 locis
405 3009 498 3070 scalis
520 3007 639 3082 capitur
653 3023 774 3078 murus,
798 3005 966 3080 armatique
981 3004 1011 3063 in

51 3089 137 3152 orbem
155 3095 421 3156 transcenderunt.
456 3108 518 3168 quo
537 3093 666 3152 tumultu
680 3089 784 3152 audito
798 3089 893 3151 territi
906 3089 1012 3158 hostes

51 3174 152 3252 relicto,
177 3194 271 3254 quana
296 3177 425 3240 cortou
445 3176 615 3250 tuebantur,
640 3177 709 3236 loco
730 3174 761 3234 in
782 3189 884 3236 arcem
905 3186 1011 3232 omnes

50 3253 138 3320 inermi
158 3278 287 3338 quoque
302 3268 452 3337 sequente
466 3260 555 3322 turbo
568 3261 780 3334 confugerunt.
811 3259 855 3320 ita
865 3256 941 3316 urbe
955 3269 1011 3328 po·

50 3338 106 3400 titur
119 3347 236 3407 consul.
255 3363 317 3422 qua
328 3347 456 3420 direpta,
468 3343 573 3404 missis
584 3345 614 3403 in
626 3359 729 3403 arcem
740 3341 793 3416 qui
805 3341 896 3400 vitam
907 3336 1013 3411 regiis,

50 3421 69 3478 si
81 3423 205 3488 inermes
218 3429 302 3490 abire
312 3430 433 3501 vellent,
446 3427 613 3488 libertatem
626 3425 820 3486 Elatensibus
832 3421 1010 3497 polliceren-

51 3513 94 3577 ΙΨ,
107 3510 230 3588 fideque
244 3513 273 3574 in
288 3512 365 3574 haec
380 3514 459 3587 data,
475 3519 546 3586 post
561 3511 627 3572 dies
643 3523 762 3585 paucos
777 3521 878 3566 arcem
892 3504 1012 3580 recipit.
