2480 3904
176 204 240 270 aaa
314 203 430 266 blena
442 204 576 265 xxxvi.
597 203 680 264 cha.
696 212 738 268 14.
752 214 795 267 15.
818 211 854 279 [a
870 209 904 264 u.
920 227 944 262 e.
958 210 1021 276 sor]

175 359 274 434 regis,
299 357 422 433 quaein
438 355 600 431 praesidiis
615 355 787 417 deditorum
801 371 857 432 per
870 371 926 418 eos
942 357 1008 417 dies
1024 357 1157 433 oppido·

175 459 242 504 rum
257 442 369 513 sumat,
383 439 524 516 Phiiippo
540 441 649 500 hadita
662 439 728 516 regi
742 448 805 504 esta
828 441 915 501 luere
928 447 1030 501 autem
1045 441 1086 502 ad
1101 441 1157 502 tria

175 528 258 586 milia
271 525 436 585 homiuum.
457 525 566 584 consul
577 522 713 584 Larisam
725 531 773 584 est
785 525 951 600 proiectus,
967 524 1010 584 ihi
1021 524 1062 584 de
1072 540 1155 585 sum·

175 627 225 670 ma
244 607 316 668 belli
336 607 574 668 consultaturus.
606 607 638 668 in
656 607 764 668 itinere
783 606 821 668 ab
836 607 934 668 Cierio
948 605 1158 684 etumopoh

173 693 265 769 legati
282 691 438 752 tradentes
452 691 546 752 urbes
561 706 636 752 suas
651 696 858 756 ooeumunnt
886 691 1046 767 Philippus
1060 692 1157 752 Atha-

173 793 297 838 manum
312 774 478 850 praecipue
493 772 623 850 captivis
638 774 831 850 indulgenter
844 773 965 850 habitis,
979 783 1014 836 at
1028 790 1086 852 per
1099 791 1157 838 eos

175 860 608 935 conciliaretgcntem,nactus
620 858 917 934 spemAthamaniae
926 859 1157 934 pminudaeax·

171 945 300 1004 ercitum
320 957 358 1004 eo
380 943 482 1016 duxit,
504 942 683 1018 praemissis
697 942 730 1002 in
744 941 881 1004 civitates
897 943 1037 1017 captivis.
1071 950 1102 1004 et
1114 943 1158 1004 illi

172 1043 316 1103 magnam
337 1026 547 1088 auctoritatem
561 1025 643 1102 apud
657 1025 824 1102 populares
839 1025 1010 1087 habuemnt
1024 1023 1158 1088 clemen·

174 1113 246 1173 dam
259 1125 334 1186 erga
352 1126 388 1172 se
401 1111 484 1186 regis
499 1109 798 1186 munificentiamque
812 1119 1104 1182 commemorantem
1127 1118 1160 1171 et

174 1195 382 1275 Amynander,
395 1195 482 1257 cuius
493 1194 665 1270 praesentis
676 1194 820 1255 maiestas
833 1195 955 1270 aliquos
965 1194 996 1254 in
1007 1195 1071 1255 lide
1082 1211 1158 1256 uon·

173 1281 323 1354 tinuisset,
337 1280 462 1353 veritus,
476 1278 700 1340 retruderetur
710 1277 850 1354 Philippo
865 1279 925 1338 iant
941 1278 1061 1353 pridem
1074 1278 1159 1340 hosa

172 1372 205 1424 et
215 1364 362 1425 Romanis
377 1365 484 1424 mento
499 1369 572 1424 tunc
582 1369 708 1438 propter
720 1362 920 1424 deiectionem
931 1363 1069 1436 intensis,
1085 1377 1159 1424 cum

172 1449 307 1522 coniuge
326 1461 364 1506 ac
383 1445 487 1506 liberis
501 1460 597 1522 regno
612 1445 749 1506 excessit
762 1444 1018 1521 Ambraciamque
1031 1461 1070 1507 se
1082 1461 1157 1508 eca-

172 1532 249 1592 tulit.
282 1531 324 1590 ita
342 1528 525 1590 Athamania
550 1529 650 1590 omnis
671 1529 701 1588 in
723 1530 771 1590 ius
791 1529 1004 1605 dicionemque
1024 1529 1157 1606 Philippi

175 1613 338 1675 concessit.
371 1614 479 1674 consul
494 1613 534 1672 ad
547 1613 716 1673 reficienda
728 1613 860 1674 maxime
874 1613 1016 1687 iumenta,
1031 1629 1114 1689 qnae
1128 1621 1159 1674 et

174 1697 410 1773 runcationem
423 1703 533 1773 postea
546 1695 704 1758 itineribus
720 1697 845 1772 inrigata
858 1703 953 1771 erant,
969 1712 1087 1773 paoem
1099 1697 1157 1758 La·

174 1781 256 1840 risae
270 1787 405 1842 moratus
420 1781 497 1855 dics,
511 1782 596 1842 velut
610 1788 758 1842 renovato
772 1780 895 1842 modica
906 1781 1008 1855 quiete
1018 1782 1159 1840 exercitu

175 1864 344 1926 cranonem
366 1871 416 1926 est
428 1879 624 1941 progressus.
651 1864 785 1924 venienti
799 1864 964 1925 Pharsalus
978 1871 1010 1924 et
1023 1862 1159 1925 Scotusa

174 1956 206 2009 et
225 1947 342 2008 Pherae
367 1965 509 2025 quaeque
534 1950 565 2008 in
586 1948 632 2008 eis
657 1949 812 2024 praesidia
828 1949 971 2010 Antiochi
993 1955 1080 2008 erant
1102 1949 1158 2008 de·

174 2032 295 2094 duntur.
331 2047 371 2091 ex
392 2033 430 2093 iis
450 2032 659 2106 interrogatis,
685 2033 737 2107 qui
757 2047 881 2092 manere
905 2047 1011 2093 secum
1035 2033 1160 2104 veliem,
1238 2057 1239 2088 t

175 2118 256 2176 mille
277 2117 407 2176 volentis
421 2115 562 2189 Philippo
583 2114 690 2188 tradit,
710 2122 830 2176 ceteros
845 2116 976 2177 inermes
991 2115 1161 2176 Demetria-

176 2200 247 2258 dem
267 2198 398 2257 remittit.
425 2198 589 2258 Proernam
611 2197 683 2258 inde
703 2199 833 2275 recepit,
854 2207 885 2259 et
900 2215 979 2276 qnae
994 2199 1162 2260 circaeam

175 2283 302 2341 castella
313 2288 408 2341 erant.
423 2281 537 2342 ducere
548 2287 612 2341 tum
622 2296 716 2356 porro
728 2281 759 2342 in
770 2284 870 2343 sinum
876 2283 1039 2344 Maliacum
1046 2282 1163 2360 coepit.

175 2365 437 2440 appropinquanti
459 2365 600 2426 lancibus
622 2381 718 2440 super
739 2383 818 2442 quas
833 2367 883 2427 siti
896 2368 1061 2428 Thaumaci
1075 2376 1162 2442 sunt,

174 2449 299 2510 deserta
319 2449 395 2510 urbe
416 2449 559 2510 iuventus
581 2450 680 2510 omnis
702 2458 818 2511 armata
837 2451 978 2531 silvaset
991 2451 1100 2512 itinera
1113 2452 1163 2512 iu-

174 2534 270 2608 sedit,
286 2541 316 2594 et
330 2533 360 2593 in
376 2547 484 2610 agmen
497 2535 670 2596 Romanurn
684 2550 724 2594 ex
738 2535 949 2610 superioribus
964 2535 1041 2597 locis
1056 2536 1163 2597 incur-

176 2617 264 2679 savit
285 2618 394 2679 consul
405 2619 503 2694 primo
515 2619 632 2682 mittere
644 2618 696 2694 qui
707 2633 746 2677 ex
759 2620 933 2696 propinquo
945 2620 1163 2694 colloquentes

177 2701 364 2762 deterrerent
377 2718 433 2762 cos
449 2703 530 2764 ataii
541 2703 661 2764 laroma
681 2708 845 2778 postquam
856 2705 1100 2778 perseverarem
1114 2704 1163 2764 in·

175 2792 267 2858 cepto
286 2785 375 2856 vidit,
396 2785 518 2846 tribuno
541 2801 609 2847 cnm
624 2787 754 2847 duorum
769 2787 927 2862 signorum
939 2787 1086 2850 militibus
1102 2789 1163 2849 oir-

175 2867 343 2928 cnmmisso
365 2867 534 2930 interclusit
554 2870 594 2929 ad
613 2870 721 2930 urbem
735 2871 792 2931 iter
805 2871 943 2945 armatis,
965 2887 1163 2948 vacuamque

175 2965 244 3008 eam
259 2950 349 3026 oepit.
378 2957 441 3010 turn
455 2953 589 3012 clamore
603 2952 642 3012 ab
656 2959 743 3029 tergo
758 2961 866 3030 captae
880 2953 966 3016 urbis
979 2955 1097 3030 audito,
1110 2971 1162 3016 re·
1235 2953 1236 2956 ’

175 3033 353 3108 fngientium
368 3035 505 3111 undique
515 3051 554 3096 ex
565 3036 651 3098 silvis
663 3037 873 3100 insidiatorum
884 3039 997 3099 caedes
1009 3040 1092 3100 lacta
1102 3047 1162 3100 cst.

174 3117 214 3177 ab
235 3117 416 3180 Thaumacis
439 3121 534 3181 altero
559 3120 610 3181 dic
637 3122 748 3182 consul
768 3123 808 3182 ad
828 3121 1018 3198 Spercheum
1038 3137 1160 3190 amnem

175 3203 323 3278 pervenit,
341 3203 413 3263 inde
427 3203 657 3281 Hypataeorum
672 3220 764 3279 agros
777 3207 918 3266 vastavit.

259 3287 324 3348 XV.
353 3287 427 3348 Cum
440 3287 518 3347 haec
532 3286 715 3362 agebantur,
738 3288 882 3350 chalcide
896 3295 962 3350 erat
974 3289 1160 3366 Antiochus,

175 3370 235 3428 iam
249 3376 312 3430 tum
327 3385 456 3431 monens
472 3370 545 3432 nihil
559 3385 595 3432 se
605 3387 646 3432 ex
658 3372 786 3433 Graecia
797 3380 918 3448 practer
928 3388 1060 3434 amoena
1072 3373 1162 3434 chni-

175 3449 244 3508 cide
259 3451 387 3512 hiberna
402 3462 431 3514 et
451 3453 579 3514 infames
594 3457 716 3531 nuptias
732 3456 856 3530 petisse.
890 3464 962 3516 tuno
976 3457 1162 3520 Aetolorum
