2480 3904
166 235 230 300 ato
327 235 446 294 arnan
460 233 608 294 xxxva.
631 231 713 292 car.
730 241 772 292 ιι.
792 231 829 306 [ι.
842 235 876 288 υ.
888 253 912 288 0.
924 231 990 309 sae]

167 389 305 465 gnesiam
327 387 379 459 [ad
394 385 548 462 Sipylum]
564 384 708 456 missum,
731 398 906 457 perpaucas
921 398 1020 442 naves
1033 381 1154 444 subdu-

168 481 234 533 ctas
248 485 320 531 esse
336 477 367 529 et
379 469 499 528 navabo
512 467 582 540 tegi,
598 482 764 541 numquam
778 467 922 526 intentius
933 481 1001 526 rena
1010 467 1152 528 nomem

168 551 407 616 administratam
420 567 502 610 esse.
523 550 601 610 haec
614 565 654 609 ne
665 567 722 624 pro
732 552 815 610 veris
826 548 1015 620 audirentur,
1032 550 1152 609 animas

167 653 273 699 errore
286 644 317 696 et
329 652 388 711 spe
400 651 481 694 vana
495 641 739 708 praeoccupatus
754 634 834 694 lecit
855 633 1068 711 Polyxenidas
1078 634 1152 692 sads

169 721 311 782 omnibus
326 719 526 793 comparatis,
548 724 639 778 nocte
653 717 769 790 remige
783 716 978 791 ablagoesia
991 717 1153 790 arcessito,

168 805 372 878 deductisque
391 804 502 875 raptim
523 817 603 875 quae
622 800 793 860 subductae
809 807 898 860 erant
911 800 1063 874 navibus,
1086 817 1153 862 eam

168 887 247 946 diem
263 903 326 946 uon
339 887 445 946 tamin
463 893 615 960 apparatu
628 884 857 958 absumpsisset
870 901 964 958 quam
978 885 1067 960 quod
1081 900 1154 945 con·

168 969 247 1044 spici
261 969 508 1045 proticiscentem
522 970 654 1028 classem
668 967 807 1038 uolebat,
828 976 900 1042 post
913 967 991 1028 solis
1006 983 1154 1029 mesum

169 1053 326 1128 proiectus
340 1054 534 1128 septuaginta
547 1052 677 1111 navibus
692 1051 796 1123 tectis,
811 1060 905 1112 vento
919 1052 1069 1124 adverso,
1085 1059 1156 1112 ante

170 1139 267 1196 lucem
281 1137 398 1212 Pygela
411 1145 532 1212 portum
546 1136 650 1196 tenuit
678 1133 805 1194 ibicum
819 1133 952 1194 interdiu
965 1135 1008 1196 ob
1022 1135 1156 1194 eaodem

169 1235 295 1281 causam
311 1222 456 1294 quiesset,
471 1227 561 1280 noete
575 1222 606 1278 in
622 1218 762 1294 proxima
772 1216 896 1280 Samiae
909 1225 1010 1278 terrae
1024 1219 1151 1278 traiecit

168 1304 240 1364 hinc
252 1304 405 1364 Nicandro
421 1304 554 1377 quodam
568 1303 752 1376 archipirata
767 1302 904 1377 quinque
916 1301 1051 1362 navibus
1066 1303 1156 1362 tectis

169 1386 343 1447 Pallnmnm
360 1389 447 1447 iusso
462 1395 580 1460 petere,
601 1392 693 1460 atque
708 1386 780 1444 inde
795 1393 946 1459 armatos,
968 1403 1034 1461 qna
1050 1386 1155 1460 proxi

167 1485 251 1530 mum
265 1485 321 1545 per
335 1485 426 1544 agros
442 1471 498 1528 iter
513 1477 606 1540 esset,
617 1469 824 1530 Panhormum
837 1469 877 1528 ad
889 1475 1010 1543 tergam
1017 1469 1156 1530 boemia

168 1553 297 1625 ducere,
319 1553 387 1626 ipse
407 1551 525 1612 interim
545 1555 647 1614 classe
669 1553 784 1626 divisa,
805 1559 840 1612 ut
858 1567 900 1614 ex
917 1559 1053 1628 utraque
1067 1559 1157 1628 parte

162 1636 274 1702 ‚lauces
303 1643 409 1709 portus
438 1631 569 1709 teneret,
597 1635 800 1698 Panhormum
825 1636 909 1711 petit.
942 1635 1157 1698 Pausistratus

167 1718 283 1792 primo,
304 1724 338 1777 ut
357 1719 387 1778 in
407 1734 442 1778 re
461 1720 658 1794 necopinata,
679 1721 819 1780 turbatus
835 1735 1017 1795 parmper,
1040 1719 1156 1780 dmode

167 1807 257 1861 velus
278 1799 365 1860 mites
387 1802 527 1862 celeriter
545 1804 674 1864 collecto
690 1802 807 1876 animo,
829 1812 913 1864 terra
925 1804 1040 1864 melius
1055 1802 1156 1863 maai

169 1900 262 1958 quam
276 1885 351 1944 mari
361 1886 468 1948 hostes
480 1901 576 1961 posse
586 1893 681 1960 ratus,
696 1893 830 1947 annates
842 1887 965 1948 duobus
978 1887 1155 1962 agminibus

168 1968 208 2028 ad
229 1969 454 2043 promunturia,
477 1986 557 2044 quae
579 1968 723 2030 cornibus
745 1971 873 2030 obiectis
895 1971 933 2030 ab
951 1971 1013 2031 alto
1030 1976 1155 2046 portum

168 2051 297 2123 iaciunt,
319 2053 416 2124 ducit,
438 2053 510 2112 inde
530 2054 618 2112 tacite
637 2054 706 2113 telis
726 2054 911 2129 ancipitibus
931 2053 1055 2114 hostem
1071 2070 1155 2114 sum·

167 2141 315 2194 moturus.
346 2136 378 2193 id
398 2137 551 2208 inceptum
573 2137 640 2196 eius
654 2135 807 2197 Nicander
828 2155 846 2198 a
866 2144 949 2198 terra
969 2139 1059 2198 visam
1086 2153 1156 2200 cum

168 2215 335 2286 turbasset,
364 2224 492 2290 repente
519 2225 633 2279 mutato
660 2221 789 2281 consilio
814 2237 910 2282 naves
938 2221 1157 2282 conscendere

167 2298 266 2358 omnis
288 2297 381 2358 iubet
413 2306 475 2358 tum
494 2315 566 2359 vero
581 2301 689 2376 ingens
704 2305 817 2378 pariter
832 2305 960 2368 militum
974 2314 1155 2366 nautarum-

168 2396 229 2454 que
251 2381 411 2456 trepidatio
434 2389 514 2456 orta,
536 2392 566 2446 et
584 2389 668 2446 velut
682 2387 755 2462 luga
769 2389 799 2448 in
815 2403 911 2448 naves
926 2389 1006 2462 fieri,
1031 2403 1107 2448 cum
1120 2403 1156 2448 se

167 2465 243 2524 rnari
257 2473 399 2541 terraque
413 2465 502 2527 sirnul
518 2476 678 2529 cernerent
688 2471 920 2532 circumventos.
942 2471 1155 2532 Pausistratus

168 2563 259 2608 unam
275 2550 355 2610 viam
376 2552 482 2611 salutis
504 2567 576 2612 esse
596 2561 697 2626 ratus,
719 2554 746 2613 si
766 2554 827 2613 vim
848 2556 951 2616 tacere
971 2571 1029 2630 per
1044 2555 1156 2616 lauces

169 2638 276 2704 portus
288 2639 381 2708 atque
393 2650 553 2710 erumpere
564 2638 595 2698 in
606 2653 691 2696 mare
701 2645 840 2712 apertum
851 2646 969 2713 posset,
982 2644 1155 2714 postquam

168 2717 390 2776 conscendisse
405 2734 480 2778 suos
495 2719 579 2795 vidit,
595 2721 684 2796 sequi
697 2721 805 2782 ceteris
817 2722 911 2782 iussis
922 2719 1071 2796 princeps
1083 2723 1156 2796 ipsa

167 2799 318 2857 concitata
337 2816 416 2860 nave
435 2802 528 2861 remis
551 2803 590 2862 ad
605 2805 715 2864 ostium
736 2811 844 2878 portus
859 2805 964 2866 tendit.
999 2821 1153 2881 superan-

166 2883 227 2938 tem
247 2879 305 2938 iam
327 2883 432 2944 lancee
453 2899 563 2944 navem
577 2887 643 2946 eius
660 2885 869 2964 Polyxenidas
882 2887 981 2948 tribus
997 2890 1152 2964 quinque-

166 2961 301 3023 remibus
318 2965 521 3032 circumsistit
543 2969 632 3030 navis
646 2971 755 3030 rostris
768 2971 829 3030 icta
840 2973 1058 3046 suppa-irnham
1082 2972 1153 3032 telis

120 3043 130 3065 ³
168 3044 337 3108 obruuntur
358 3059 618 3129 propugnatores,
640 3055 717 3114 inter
733 3070 811 3128 quos
827 3062 857 3115 et
870 3055 1082 3116 Pausistratus
1097 3057 1152 3116 im·

167 3127 254 3202 pigre
275 3148 415 3208 pugnans
437 3136 621 3199 interficitur.
653 3139 775 3198 navium
789 3139 976 3214 reliquarum
990 3145 1064 3198 ante
1079 3155 1151 3214 por-

110 3295 113 3302 Ι
167 3220 229 3270 tum
244 3213 330 3292 aliae,
347 3219 424 3280 aliae
436 3220 466 3280 ln
478 3230 569 3296 portu
580 3222 768 3295 deprensam
791 3222 944 3296 quaedam
954 3237 974 3282 a
984 3222 1151 3294 Nicandro,

166 3292 239 3353 dum
253 3300 417 3388 moliuntur
431 3320 449 3363 a
463 3311 557 3376 terra,
573 3313 690 3379 captae.
727 3306 863 3380 quinque
878 3312 995 3366 tantum
1007 3303 1152 3366 Rhodiae

165 3389 261 3470 naves
284 3399 353 3444 curn
374 3387 494 3448 duabus
510 3388 580 3450 cois
596 3387 782 3462 effugerunt,
803 3397 921 3450 terrore
935 3388 1082 3450 flammae
1095 3388 1148 3449 mi-

165 3461 263 3518 cantrs
282 3465 332 3524 via
353 3468 411 3528 sibi
431 3470 509 3531 inter
533 3473 686 3543 confertas
706 3487 802 3531 naves
823 3473 918 3532 tactae
951 3471 1053 3534 contis
1069 3473 1148 3532 enirn
