2480 3904
217 234 475 308 amnnmlv.
499 245 749 312 caesaraea
773 255 929 325 [acam]
998 254 1058 322 lta

88 403 198 469 essent,
220 404 251 458 et
268 397 498 472 impetraturam
519 398 635 473 aliquid
650 406 702 460 aut
715 398 802 475 pacis
819 417 915 464 eausa
929 419 1058 468 conces·-

88 497 192 544 suram.
223 481 264 540 ita
278 481 397 556 integra
417 481 573 544 dilatares
588 489 645 544 est.
672 485 792 560 legatos
807 487 883 548 mitti
900 489 940 549 ad
954 503 1058 566 regem

86 565 205 627 eosdem
230 565 282 642 aad
301 565 516 643 Lysimachiae
537 568 622 642 apud
642 584 713 629 earn
733 569 854 632 fuerant
872 573 1002 648 placuit,
1023 574 1057 636 Ρ.

87 647 246 724 Sulpiciana
258 649 290 708 P.
305 650 430 712 Villium
444 649 476 710 P.
491 651 622 712 Aelium.

161 733 220 795 LX.
249 735 385 797 Vixdum
399 735 420 794 ii
434 735 566 810 proiecti
581 743 679 812 erant,
702 753 771 798 cum
786 755 805 798 a
820 739 1001 816 Carthagine
1015 745 1056 804 le-

84 818 140 892 gan
159 817 270 880 bellum
291 818 375 880 haud
389 818 482 880 dubie
496 835 607 895 param
619 820 806 884 Antiochum
818 822 989 886 Hannibale
1003 827 1058 887 mi·

83 901 171 963 alatro
185 904 363 975 attulerunt,
381 903 613 980 inieceruntque
628 921 748 980 curam,
763 923 801 968 ne
820 908 910 970 simul
925 916 956 970 et
968 909 1057 971 Puni·

84 1001 145 1046 cum
159 987 343 1049 metamur
356 987 479 1048 bellurn.
500 989 652 1050 Hannibal
668 990 766 1066 patria
779 994 931 1068 profugus
945 1010 1057 1070 perve-

84 1077 161 1132 nerat
175 1071 215 1132 ad
230 1072 430 1146 Antiochum,
451 1072 532 1134 sicut
545 1080 616 1134 ante
631 1075 745 1137 dictum
760 1083 823 1145 est;
851 1084 885 1138 et·
894 1087 959 1139 erat
973 1080 1057 1154 apud

82 1169 175 1230 regem
195 1156 226 1216 in
249 1172 360 1232 magno
381 1157 515 1228 honore,
540 1159 624 1219 nulla
642 1159 702 1218 alia
716 1165 781 1220 arte
795 1159 855 1222 nisi
870 1162 956 1236 quod
970 1165 1056 1222 volu-

83 1240 148 1300 tanti
162 1239 215 1302 diu
228 1241 359 1302 consilia
373 1241 413 1302 de
424 1241 563 1303 Romano
577 1241 666 1303 bello
675 1257 770 1304 nemo
780 1245 880 1318 aptior
895 1259 990 1320 saper
1004 1245 1057 1308 toli

81 1339 110 1382 ra
123 1324 281 1401 paaeepo
292 1339 364 1386 esse
378 1326 530 1388 sermonis
546 1332 674 1402 poterat
696 1329 846 1388 sententia
861 1329 927 1389 eius
939 1345 1002 1389 una
1013 1338 1056 1392 at-

83 1423 134 1482 que
157 1409 268 1470 eadem
288 1424 412 1486 scalper
438 1416 516 1485 erat,
541 1417 576 1471 ut
595 1411 626 1472 in
644 1410 737 1472 ltalia
750 1411 863 1474 bellura
882 1420 1055 1488 gereretur:

81 1491 186 1553 ltaliam
211 1501 244 1556 et
269 1501 456 1558 commeatus
483 1502 516 1556 et
540 1495 665 1557 militem
693 1495 899 1572 praebituram
927 1505 1055 1560 auterno

71 1573 159 1638 hosti.
180 1578 210 1639 si
223 1577 355 1640 nihilibi
369 1587 537 1653 moveatur,
554 1579 708 1656 liceatque
722 1583 839 1656 populo
853 1581 993 1644 Romano
1010 1583 1055 1642 vl-

80 1661 156 1722 ribus
169 1669 198 1724 at
212 1663 313 1739 comis
327 1663 432 1724 Italiae
446 1669 534 1725 extra
547 1664 664 1726 ltaliam
678 1665 791 1726 hellam
805 1681 929 1740 gerere,
953 1681 1057 1742 neque
1157 1723 1161 1730 .

79 1759 177 1820 regom
196 1763 302 1824 neme
326 1753 448 1823 gentem
468 1750 561 1810 ullam
587 1764 692 1823 parem
711 1751 858 1812 Romanis
878 1767 961 1813 esse.
998 1748 1057 1812 sihi

81 1836 190 1892 uenam
203 1837 416 1893 tectasaaves
428 1839 459 1892 et
469 1832 576 1892 decem
587 1833 824 1908 milia-peditam,
839 1835 920 1896 mille
933 1836 1056 1911 equares

81 1913 274 1990 deposcebat
291 1933 329 1977 ca
343 1932 379 1977 se
394 1918 497 1982 classe
507 1916 638 1992 primum
649 1917 784 1978 Africam
796 1920 967 1994 petitarum.
989 1935 1054 1980 rna*

80 2012 204 2076 guanero
226 2001 386 2064 confidere
407 2007 437 2061 et
451 1999 717 2076 Carthaginienses
735 2002 775 2062 ad
789 2001 999 2062 rebellandam
1013 2003 1055 2063 ab

80 2097 109 2141 se
122 2085 264 2162 compelli
280 2101 386 2162 posse.
421 2084 448 2146 si
462 2085 505 2146 illi
520 2093 708 2163 cunctentur,
724 2102 760 2149 se
775 2087 878 2162 ahaua
893 2093 982 2162 parte
995 2087 1051 2146 lta·

79 2164 129 2228 liae
154 2169 357 2232 excitaturum
381 2170 528 2232 Romacis
555 2171 679 2238 bellum.
714 2185 818 2247 regem
848 2187 918 2232 cum
943 2170 1052 2232 ceteris

80 2254 209 2316 omnibus
231 2255 364 2315 mansino
383 2253 415 2314 in
429 2254 586 2330 Europam
607 2255 735 2328 debere,
758 2263 789 2316 et
801 2256 832 2316 in
848 2257 953 2331 aliqua
965 2262 1053 2330 parte

80 2334 215 2402 Graeciae
231 2339 340 2416 copias
357 2341 527 2413 mutinere,
543 2356 646 2416 neque
659 2340 862 2416 traicientem,
877 2348 908 2402 et
923 2339 1053 2415 quod-in

78 2421 203 2494 speciem
214 2423 472 2500 famamquebelli
483 2424 559 2486 satis
571 2425 619 2499 sit,
631 2431 770 2499 paratum
781 2425 920 2486 traicere.
934 2424 1008 2484 LXI.
1023 2424 1053 2481 ln

78 2502 148 2566 hana
173 2508 358 2568 sententiam
380 2523 448 2568 cum
470 2508 653 2570 adduxisset
671 2523 791 2584 regem,
820 2507 1052 2583 praeparandos

77 2588 128 2649 sibi
142 2592 230 2652 adid
245 2593 440 2668 popularium
454 2593 573 2654 animos
587 2599 687 2665 ratus,
704 2592 834 2664 litteras,
847 2607 886 2650 ae
902 2606 964 2665 quo
977 2605 1053 2650 casu

77 2671 257 2752 interceptae
273 2678 374 2752 palam
386 2677 522 2738 lacerent
532 2683 656 2751 conata,
667 2675 804 2736 scribere
815 2691 876 2736 non
888 2680 936 2736 est
946 2689 1052 2736 ausus.

75 2759 247 2821 Aristonem
260 2761 414 2838 quendam
424 2762 549 2840 Tyrium
561 2767 690 2822 nanctus
701 2758 827 2837 Ephesi,
842 2764 1053 2834 expertusque

77 2842 225 2906 solertiam
246 2845 414 2907 lemuribus
428 2846 618 2921 ministeriis,
640 2846 749 2922 partim
764 2845 858 2907 donis
870 2843 979 2920 partim
995 2859 1052 2920 spe

76 2929 275 2999 praemiorum
299 2937 472 3006 oneratum,
495 2930 606 3007 quibus
628 2931 719 2992 etlam
739 2930 809 3006 ipse
822 2945 878 2990 rex
893 2929 1051 3004 adnuerat,

76 3010 282 3089 Carthaginem
306 3031 383 3077 curn
399 3016 553 3078 maumas
575 3015 678 3086 mitat,
711 3015 774 3076 edit
797 3015 922 3076 nomina
945 3029 1050 3075 eorum

76 3097 180 3169 qubus
197 3100 357 3163 conventis
373 3107 566 3176 opusesset;
587 3099 809 3162 instruitetiam
820 3099 948 3163 seeretls
960 3099 1049 3172 notis,

74 3194 124 3252 per
139 3199 223 3260 quas
233 3183 316 3248 haud
331 3184 639 3261 dubieognoseerart
649 3186 861 3248 suamandata
873 3199 953 3245 esse.
968 3183 1050 3242 hune

73 3264 245 3329 Aristonem
256 3269 439 3346 Carthagine
451 3270 665 3332 obversantem
680 3287 742 3332 non
757 3271 848 3346 prius
858 3267 947 3328 andei
959 3281 1050 3342 quam

73 3346 180 3413 inimici
192 3353 386 3428 Hannibalis,
411 3370 481 3430 qua
493 3355 532 3415 de
547 3371 643 3416 caasa
656 3354 808 3428 venisset,
830 3355 1049 3428 cognoverunt.

74 3439 100 3492 et
112 3437 212 3509 primo
228 3437 257 3498 in
273 3439 618 3516 circulisoonuiviisque
631 3439 783 3500 celebrata
794 3433 987 3496 sermonibus
998 3449 1049 3494 res
1143 3482 1147 3491 .

72 3523 130 3589 est,
154 3519 267 3582 deinde
281 3523 311 3582 in
328 3529 442 3584 senatu
451 3521 576 3598 quidam
589 3523 663 3584 nihil
678 3529 778 3583 actum
792 3535 865 3582 esse
879 3519 981 3580 dicere
995 3533 1048 3580 ex·
