2506 3898
199 235 264 302 aaa
333 235 450 298 creua
463 233 625 296 xrutvur.
647 232 729 293 car.
745 239 843 295 aoso.
863 231 899 308 [ι.
913 236 946 288 o.
959 231 1059 310 asoa]

200 387 369 451 civitatium
389 392 490 447 auum
510 384 639 460 cognitis
654 384 758 444 causis
773 384 880 443 decem
894 383 987 458 legati
1001 382 1098 442 aliam
1114 381 1190 442 alia-

200 489 268 533 rum
289 473 427 532 iecerunt
446 468 667 530 condicionem.
700 481 780 543 quae
800 467 1019 542 stipendiariae
1039 465 1110 540 regi
1125 466 1191 524 An-

201 555 303 617 tiocho
325 555 446 614 inerant
464 559 495 614 et
508 567 577 613 cum
591 552 707 628 populo
721 553 860 611 Romano
876 555 1055 624 senserant,
1076 548 1120 608 iis
1136 549 1189 607 im-

200 637 376 700 munitatem
397 635 563 705 dedet-unu
586 651 667 712 quae
687 635 819 710 partium
833 632 976 694 Antiochi
996 633 1124 692 merant
1139 639 1191 692 aut

200 721 415 798 stipendiariae
428 719 521 780 Attali
534 719 626 794 ragis,
642 733 696 778 eus
712 734 819 780 omues
833 717 963 792 vectigal
974 716 1117 792 pendere
1129 715 1190 774 Eu-

200 806 280 866 meni
294 806 460 864 iusseruut.
492 803 669 864 nominatim
683 809 843 877 praeterea
858 800 1068 876 Colophoniis,
1088 800 1146 874 qui
1161 801 1189 857 in

199 885 287 950 Notio
302 885 446 960 habitant,
461 894 492 947 el
503 885 644 965 eymaets
658 893 690 946 et
698 886 866 965 Mylasenis
881 883 1102 944 immunitatem
1114 899 1190 944 con·

202 976 372 1044 cesserunt,
388 969 589 1030 Clazomeniis
604 985 699 1045 super
712 969 928 1030 immunitatem
938 975 971 1027 et
979 968 1189 1044 Drymussam

201 1055 333 1116 insariam
354 1055 438 1116 dono
460 1054 624 1130 dederunt,
644 1061 675 1112 et
688 1053 816 1114 Milesiis
832 1068 923 1128 quern
935 1067 1062 1112 sacrum
1079 1052 1188 1126 appol-

200 1141 265 1200 iaut
280 1153 387 1213 agrum
401 1137 604 1212 restituerunt,
622 1144 653 1197 et
670 1137 831 1197 iliensibus
847 1136 1017 1196 Rhoeteum
1033 1143 1065 1194 et
1081 1133 1189 1208 Gergi-

201 1223 286 1284 thum
306 1221 504 1294 addiderunt‚
525 1237 587 1283 non
601 1229 663 1281 tam
682 1221 721 1281 ob
735 1220 870 1280 recentia
890 1221 950 1279 ulla
966 1219 1079 1280 merita
1096 1233 1188 1294 quam

203 1305 354 1382 originum
373 1305 530 1366 memoria.
558 1305 664 1365 eadem
681 1312 712 1366 et
725 1304 900 1364 Dardanum
920 1303 1073 1364 liberandi
1092 1317 1188 1362 eausa

201 1391 266 1450 luit.
294 1389 385 1450 Chios
401 1405 527 1464 quoque
541 1397 572 1450 et
585 1388 772 1464 Smyrnaeus
788 1395 818 1448 et
831 1387 1030 1463 Erythraeos,
1050 1401 1111 1461 pro
1126 1386 1185 1445 sin-

200 1472 297 1547 gulari
312 1473 382 1544 ilde,
399 1488 490 1546 quam
505 1487 543 1531 co
559 1472 640 1532 bello
655 1473 878 1546 praestiterunt,
893 1479 924 1530 el
936 1485 1012 1544 agro
1030 1471 1241 1531 donarunt

201 1557 274 1616 etin
296 1555 376 1615 omni
399 1555 565 1629 praecipuo
588 1555 706 1616 honore
727 1555 907 1616 habuerunt
933 1553 1184 1613 Phocaeensibus
1240 1551 1241 1628 l

200 1645 231 1698 et
245 1653 327 1712 ager,
345 1653 436 1712 quem
451 1645 520 1697 ante
534 1638 646 1698 bellum
661 1638 838 1734 habuerant,
853 1638 1002 1711 reddituS,
1017 1643 1050 1698 et
1063 1644 1099 1697 ut
1112 1636 1184 1710 legi·

198 1721 258 1780 bus
270 1720 404 1795 antiquis
418 1727 571 1782 uterentur
581 1723 775 1798 permissum.
791 1721 918 1784 Rhodiis
931 1721 1094 1780 adlirmma
1106 1735 1183 1795 quae

199 1804 271 1865 datu
284 1803 389 1880 priore
403 1805 528 1866 decreto
544 1812 646 1881 erant,
667 1807 763 1886 Lycia
777 1813 808 1865 et
822 1806 910 1866 caria
923 1806 1012 1864 datae
1026 1803 1180 1878 usquead

198 1887 398 1950 Maeandrum
412 1903 533 1949 amnem
545 1889 869 1966 praetor-Telmessum.
884 1889 948 1963 regi
955 1888 1085 1948 Eumeni
1094 1887 1180 1947 Cher-

201 1987 348 2034 sonesum
362 1973 392 2032 in
403 1973 530 2050 Europa
540 1982 571 2034 et
579 1973 813 2052 Lysimachiam,
828 1974 954 2033 castella
964 1973 1053 2032 vicos
1065 1987 1179 2046 agrum,

202 2056 313 2130 quibus
333 2055 446 2116 linibus
467 2063 608 2118 tenuerat
625 2056 813 2129 Antiochus,
834 2056 1026 2125 adiecerunt;
1055 2055 1087 2114 in
1108 2055 1180 2114 Asia
1239 2097 1240 2102 ι

199 2139 363 2216 Phrygiam
375 2139 722 2213 utramque—aiteram
734 2141 772 2200 ad
784 2139 1025 2214 Hellespontum,
1035 2139 1179 2199 maiorem
1239 2163 1240 2216 y

199 2222 324 2279 alteram
347 2229 508 2281 vocant-
525 2227 556 2281 et
568 2221 715 2300 Mysiam,
739 2239 830 2298 quam
845 2222 969 2283 Prusias
989 2237 1046 2282 rex
1059 2223 1178 2283 adame

197 2309 253 2373 rat,
270 2303 298 2361 ei
308 2304 519 2374 restituerunt;
542 2311 572 2364 et
582 2305 769 2383 Lycaoniam
783 2313 813 2366 et
823 2306 959 2384 Milyada
972 2313 1002 2367 el
1011 2305 1140 2384 Lydiam
1153 2313 1180 2365 et

199 2385 375 2447 nominatim
395 2387 490 2449 urbes
510 2388 626 2450 lhalles
647 2396 740 2465 atque
759 2389 916 2464 Ephesum
936 2396 966 2449 et
981 2390 1177 2452 Telmessum.

199 2470 239 2531 de
252 2469 434 2550 Pamphylia
448 2471 651 2549 disceptatum
665 2474 744 2533 inter
756 2473 923 2534 Eumenem
937 2479 967 2533 et
980 2473 1124 2535 Antiochi
1138 2475 1177 2532 lc-

198 2562 287 2629 galos
310 2571 379 2616 cum
399 2563 499 2631 esset,
522 2557 595 2633 quia
608 2573 682 2640 pars
698 2557 764 2618 eius
780 2557 855 2617 citra
868 2573 942 2632 pars
957 2558 1037 2618 ultra
1049 2559 1177 2619 Taurum

198 2645 254 2714 est,
269 2639 388 2714 integra
400 2655 452 2702 res
468 2641 509 2701 ad
523 2651 663 2702 senatum
676 2641 808 2702 reicitur

281 2721 342 2782 XL.
369 2723 425 2784 iiis
445 2723 622 2786 foederibus
644 2725 837 2799 decretisque
857 2723 936 2784 datis
957 2723 1090 2784 Manlius
1112 2740 1176 2784 cum

198 2804 305 2863 decem
326 2807 434 2877 legatis
455 2807 599 2880 omnique
620 2807 756 2868 exercitu
777 2808 816 2868 ad
829 2807 1064 2882 Hellespontum
1078 2809 1174 2883 prole

198 2893 265 2945 ctus
288 2889 424 2947 evocatis
446 2903 484 2948 eo
503 2887 618 2962 regulis
633 2886 788 2950 Gallorum
808 2891 910 2967 leges,
936 2892 1049 2967 quibus
1072 2907 1173 2967 pacem
1238 2947 1239 2960 ,

198 2983 267 3030 eum
280 2967 418 3028 Eumene
433 2976 605 3045 servarent,
620 2970 713 3044 dixit;
736 2974 931 3050 denuntiavit,
946 2982 1112 3038 utmorem
1125 2993 1173 3034 va·
1238 2969 1239 2996 ¹

198 3051 291 3128 gandi
311 3067 380 3112 cum
401 3053 493 3113 armis
514 3053 650 3128 linirent,
672 3065 880 3135 agrorumque
901 3075 1027 3120 suorum
1042 3057 1172 3120 terndms

197 3153 233 3196 se
248 3136 445 3198 conficerent.
468 3141 632 3201 contructis
647 3140 759 3202 deiude
774 3143 908 3203 exomni
924 3159 979 3203 ora
989 3142 1130 3217 navibus,
1146 3149 1172 3201 et

196 3219 340 3280 Eumenis
365 3219 456 3280 etiam
482 3222 583 3282 classe
603 3239 660 3298 per
679 3223 870 3287 Athenaeum
889 3227 1013 3287 tratrem
1032 3226 1118 3302 regis
1135 3225 1171 3284 ab

195 3303 290 3364 Elaea
310 3303 458 3381 adducta,
481 3306 588 3382 copias
608 3323 716 3369 omnes
731 3309 763 3368 in
775 3309 929 3385 Europam
947 3309 1074 3370 ιιιιίεείι
1104 3307 1170 3368 inde

197 3401 252 3474 per
267 3387 494 3451 Chersonesum
513 3389 642 3450 modicis
663 3391 820 3452 itineribus
832 3407 929 3467 grave
943 3393 1062 3468 praeda
1076 3393 1168 3454 emnia
1237 3429 1238 3436 ι

194 3469 316 3538 generis
341 3484 450 3542 agmen
477 3472 600 3532 trahens
627 3475 840 3552 Lysimachiae
863 3476 970 3536 stativa
997 3476 1114 3550 habuit,
1137 3486 1166 3540 ut
1237 3545 1238 3558 χ
