2480 3904
170 109 228 180 184
303 109 419 170 LIBER
431 107 552 170 xxxv.
576 108 658 169 CAP.
674 109 834 184 1o.11.·[a.
850 113 885 168 υ.
900 133 925 166 a.
939 111 1004 188 aas]

163 281 224 326 non
240 262 369 340 patrueli
384 277 419 322 se
433 267 537 336 petere
557 261 671 334 aiebat,
695 278 750 336 pro
766 261 865 336 legato
881 269 912 324 et
925 264 1076 340 participe
1089 266 1143 326 ad·

160 346 351 410 ministrandi
376 345 462 404 belli:
490 360 526 404 se
545 350 641 419 terra,
667 346 790 406 tratrem
811 347 971 406 marinam
991 349 1142 424 gessisse.

159 433 208 493 bis
231 429 374 502 obtinuit,
393 433 428 488 ιιι
447 429 652 503 praeferretur
671 429 848 504 candidato,
872 446 963 505 quem
977 433 1142 493 Atricanus

160 519 254 578 trater
267 513 407 586 ducebat,
439 527 530 586 quem
546 511 686 572 Cornelia
699 527 775 587 gens
791 511 930 574 Cornelio
946 517 1075 576 consule
1091 532 1142 576 co-

159 601 241 660 mitia
256 597 402 670 habente,
418 610 509 672 quem
521 600 637 656 tantum
652 597 872 671 praeiudicium
885 605 1027 672 senatus,
1043 599 1141 658 virum

159 700 177 743 e
192 682 313 744 civitate
334 679 481 776 optimum
494 678 673 753 iudicatum,
696 680 748 755 qui
762 685 888 741 matrem
902 681 1026 742 ldaeam
1039 682 1140 744 Pessi·

160 773 254 828 nante
270 762 467 824 venientem'
457 779 488 821 m
503 761 611 822 urbem
626 763 786 838 acciperet.
817 764 851 823 L.
868 763 1030 864 Quinctius
1041 775 1072 827 et
1086 765 1139 826 Cn

158 850 308 913 Domitius
328 847 555 948 Ahenobarbus
580 847 724 907 consules
750 847 834 908 lacti:
863 849 941 910 adeo
962 865 1002 910 ne
1021 851 1052 909 in
1075 851 1141 925 ple

159 935 229 996 belo
251 931 376 1010 quidem
389 907 532 1004 consule,
555 945 624 990 cum
638 928 742 1005 proc
758 931 861 993 Laelio
877 931 1036 1006 niteretur,
1058 935 1141 994 Airi-

160 1033 255 1080 canus
276 1016 380 1076 valuit.
413 1021 539 1091 postero
560 1013 610 1074 die
628 1020 787 1090 praetores
803 1010 940 1076 creatiL.
957 1015 1140 1080 Scribonius

159 1103 235 1164 Libo
249 1101 292 1162 M.
305 1099 432 1161 Fulvius
455 1098 700 1160 centumalusA
713 1099 823 1160 Atilius
839 1098 990 1161 Serranus
1005 1101 1045 1161 M.
1061 1103 1138 1162 Bae

159 1185 230 1248 blus
244 1184 421 1262 Tamphilus
435 1185 469 1244 L
479 1182 622 1244 Valerius
636 1181 741 1258 Tappo
759 1182 792 1256 Q.
806 1181 949 1244 Salonius
962 1183 1064 1246 Sarra.
1088 1202 1140 1246 ae·

160 1269 284 1332 dllitas
275 1269 403 1350 rnsignis
418 1284 456 1330 eo
471 1283 551 1328 anno
567 1265 672 1326 lultM.
684 1267 804 1342 Aemilii
814 1266 922 1342 Lepidi
934 1269 1005 1328 etL.
1018 1269 1140 1330 Aemilii

158 1353 252 1414 Pauli.
273 1355 385 1414 multos
401 1351 563 1426 pecuarios
578 1349 773 1411 damnarunt·
793 1367 833 1411 ex
847 1367 885 1412 ea
900 1351 1028 1426 pecunia
1040 1353 1140 1429 clipea

159 1437 340 1502 inauratam
355 1436 475 1509 fastigio
489 1435 572 1495 lovis
588 1434 674 1494 aedis
686 1442 862 1509 posuerunt
886 1435 1035 1510 porticum
1047 1453 1140 1498 unam

164 1529 246 1582 extra
262 1527 382 1596 portam
401 1517 617 1593 Trigeminam,
639 1519 777 1593 emporio
799 1519 839 1578 ad
856 1518 987 1579 Tiberim
1007 1521 1140 1595 adiecto,

161 1607 285 1664 alteram
306 1603 345 1662 ab
366 1609 456 1677 porta
468 1601 618 1662 Fontinali
633 1601 673 1660 ad
687 1602 792 1662 Martis
808 1618 907 1676 aram,
930 1603 1036 1679 quain
1052 1604 1140 1665 cam-

158 1704 232 1762 pum
245 1687 303 1747 iter
317 1693 409 1760 esset,
425 1686 642 1760 per.duxerunt

242 1771 292 1830 XI
321 1769 380 1830 Diu
399 1769 500 1830 nihil
492 1787 523 1829 ιιι
537 1767 699 1844 Liguribus
721 1770 844 1845 dignum
859 1771 1005 1830 memoria
1017 1779 1140 1846 gestum

159 1861 237 1915 erat·
260 1861 396 1916 extremo
410 1854 476 1916 eius
491 1853 562 1914 anni
577 1853 648 1915 bis
640 1871 670 1913 ιιι
686 1871 828 1930 magnum
842 1855 1072 1929 periculumres
1083 1857 1140 1916 ad·

159 1938 251 1999 ducta
270 1945 326 1999 est.
360 1955 430 1999 narn
450 1946 480 1999 et
493 1945 595 1998 castra
616 1939 751 1998 consulis
767 1944 944 2013 oppugnata
957 1954 1049 2014 aegre
1064 1947 1139 2000 sunt

159 2022 303 2098 detensa,
324 2029 355 2082 et
368 2038 429 2082 non
445 2021 487 2081 ita
502 2023 595 2081 multo
611 2028 684 2096 post
698 2037 753 2097 per
767 2025 877 2082 saltum
891 2030 1053 2098 angustum
1067 2039 1138 2084 cum

159 2104 323 2166 duceretur
337 2121 445 2180 agmen
459 2105 639 2179 Romanum,
658 2106 744 2180 ipsas
758 2108 864 2166 lauces
880 2106 1031 2166 exercitus
1045 2107 1125 2182 Ligu

156 2204 225 2248 rum
236 2187 356 2248 insedit.
373 2203 435 2262 qua
445 2203 514 2247 curn
526 2188 626 2248 exitus
638 2203 700 2247 non
712 2196 837 2263 pateret,
850 2205 1002 2251 converso
1014 2191 1138 2265 agmine

156 2271 258 2332 redire
272 2271 377 2331 institit
391 2272 509 2332 consul.
535 2279 565 2331 et
579 2272 617 2331 ab
631 2279 717 2348 tergo
733 2273 838 2334 lauces
854 2275 951 2334 saltus
968 2282 1138 2350 occupatae

158 2371 177 2416 a
191 2363 279 2432 parte
298 2355 431 2416 bostium
446 2362 544 2430 erant,
569 2355 786 2431 Caudinaeque
801 2355 897 2416 cladis
911 2359 1059 2418 memoria
1072 2376 1138 2420 non

157 2440 266 2500 animis
291 2437 384 2500 modo
406 2440 463 2500 sed
484 2455 582 2516 prope
604 2441 701 2500 oculis
723 2439 953 2502 obversabatur.
988 2441 1138 2504 Numidas

159 2524 351 2599 octingentos
371 2525 467 2584 terme
485 2525 607 2609 equites
628 2523 705 2584 inter
727 2524 838 2584 auxilia
851 2523 996 2585 babebat,
1029 2541 1137 2587 eorum

158 2609 333 2683 praelectus
349 2607 468 2668 consuli
483 2609 643 2683 pollicetur
657 2624 692 2668 se
708 2613 793 2682 parte
807 2614 874 2667 utra
885 2611 978 2668 vellet
988 2625 1058 2669 cum
1069 2611 1137 2672 suis

78 2717 83 2720 ·
157 2699 350 2766 eruptumm;
373 2699 488 2752 tantum
503 2691 545 2750 uti
557 2691 679 2765 diceret
694 2699 761 2752 utra
773 2707 846 2766 pars
858 2693 1086 2768 frequentior
1057 2695 1138 2756 vacis

157 2781 256 2834 esset·
283 2775 384 2834 ineos
406 2789 441 2834 se
462 2773 607 2847 impetum
627 2776 792 2850 facturum,
810 2783 841 2836 et
853 2775 927 2835 nibil
943 2778 1027 2852 prius
1043 2788 1135 2853 quarn

157 2856 308 2916 flammam
328 2855 417 2916 tectis
439 2856 632 2931 intactarum,
654 2866 688 2918 ut
707 2859 733 2918 is
757 2875 855 2933 pavor
869 2854 992 2935 cogeret
1007 2861 1136 2936 Ligures

157 2939 309 2999 excedere
323 2942 418 3014 saltu,
441 2955 531 3014 quern
546 2939 736 3016 obsiderent,
755 2949 786 3002 et
800 2943 973 3004 discurrere
987 2945 1027 3006 ad
1044 2962 1136 3022 opem

156 3023 312 3084 terendam
329 3022 404 3084 suis.
431 3023 635 3084 collaudatum
650 3040 717 3085 eum
734 3027 842 3086 consul
857 3043 914 3102 spe
929 3029 1136 3104 praemiorum

157 3113 272 3170 onerat.
303 3107 451 3168 Numidae
472 3122 571 3182 equos
587 3109 812 3184 conscendunt,
834 3117 865 3171 et
879 3111 1059 3188 obequitare
1074 3121 1135 3174 sta·

155 3193 288 3254 tionibus
302 3191 449 3266 hostium,
472 3191 622 3251 neminem
636 3193 835 3268 lacessentes,
852 3203 1027 3270 coeperunt.
1061 3197 1135 3258 nihil

157 3278 254 3352 primo
271 3277 419 3352 adspectu
435 3277 653 3350 contenrptius=
675 3275 747 3352 equi
761 3277 963 3354 hominesque
978 3281 1092 3354 paululi
1106 3288 1136 3340 et

157 3361 302 3434 graciles,
324 3361 492 3421 discinctus
507 3366 536 3420 et
549 3359 672 3420 inermis
687 3375 800 3435 eques,
818 3369 1033 3437 praeterquam
1049 3365 1136 3440 quod
