2506 3898
197 241 261 306 ona
340 239 457 300 traua
471 237 631 298 xxxvrn.
657 237 739 298 cnr.
755 246 819 301 aa
842 243 878 312 [a.
892 242 1038 309 oasa]

199 395 349 454 adversus
356 390 526 469 Pyrrheum
537 396 632 463 erant,
644 388 892 464 adgrederentur,
903 395 935 448 et
944 387 1014 463 ipse
1026 386 1067 446 ad
1080 394 1184 448 castra

198 477 337 537 Romana
351 482 496 535 terrorem
511 473 634 547 laceret,
648 488 745 548 posse
758 479 843 534 ratus
857 470 982 547 ancipiti
996 472 1138 543 tumultu
1154 479 1184 532 et

200 567 291 621 nocte
306 565 438 634 augente
452 570 609 632 pavorem,
622 556 851 618 memorabilem
865 570 929 616 rem
943 555 1018 630 geri.
1048 563 1081 616 et
1092 555 1182 618 ilico-

200 645 309 706 damus
328 642 511 716 intempesta
531 646 637 715 nocta,
658 655 728 702 cum
745 637 822 700 alias
837 639 995 700 custodias
1010 639 1183 711 fefellisset,

200 743 257 804 per
269 727 345 786 altas
359 726 476 801 impetu
490 723 642 786 constanti
656 724 825 799 erupisset,
847 729 993 799 superato
1009 721 1139 784 brachio
1153 721 1184 782 in

200 813 305 872 urbem
320 815 473 887 penetrat,
495 807 651 884 animique
665 808 853 883 aliquantum
866 808 907 868 ad
922 807 1026 869 omnia
1039 805 1186 866 audenda

200 902 231 956 ct
244 894 312 970 spci
326 891 467 954 obsessis
481 891 608 963 aulacia
630 899 661 952 et
674 891 765 952 simul
778 891 943 953 constituta
956 907 1022 952 nox
1037 890 1130 964 venit,
1145 906 1185 950 ex

201 975 373 1054 composito
387 981 515 1052 repento
529 982 688 1052 operaest
702 975 881 1052 adgressus.
911 975 945 1036 id
958 975 1117 1050 inceptum
1134 989 1185 1035 co-

201 1069 274 1122 natu
292 1073 384 1137 quum
404 1059 517 1122 ellectu
536 1058 662 1135 gravius
683 1057 754 1134 luit,
775 1057 848 1135 quia
867 1061 950 1120 nrrlla
968 1059 1008 1118 ab
1029 1057 1186 1118 exteriore

203 1152 289 1222 parte
302 1143 350 1204 vis
366 1143 489 1204 admota
502 1151 558 1216 est,
574 1159 632 1204 scu
645 1149 728 1204 metu
741 1141 885 1206 deterrito
901 1149 1043 1218 praetore
1057 1142 1185 1204 Aetolo-

202 1245 284 1304 rum,
306 1243 363 1289 seu
377 1223 450 1304 quic
462 1225 566 1303 potius
580 1226 681 1288 visum
696 1234 744 1286 est
757 1226 969 1302 Ammilocbis
983 1241 1086 1301 nuper
1099 1241 1186 1286 rece

204 1313 263 1388 ptis
279 1313 359 1372 terra
373 1326 481 1386 opem,
502 1327 582 1387 quos
594 1310 728 1372 Parsaus
745 1309 877 1386 Philippi
892 1311 989 1386 tilius,
1012 1309 1132 1372 missus
1148 1310 1187 1369 ad

204 1395 364 1470 Dolopiam
377 1393 663 1470 Amphilochosque
676 1391 883 1470 recipiendos,
904 1410 1024 1455 summa
1036 1392 1070 1453 vi
1085 1409 1186 1470 oppu-

203 1480 324 1555 gnabat.
355 1478 408 1537 Vl.
431 1476 528 1540 tribus
544 1477 636 1551 locis,
658 1476 739 1538 sicut
757 1485 828 1540 ante
842 1477 1033 1552 dictumest,
1055 1477 1097 1538 ad
1110 1476 1185 1555 Pyr‘

202 1563 311 1623 rheam
331 1576 428 1636 opera
439 1561 579 1622 Romana
598 1568 700 1634 erant,
721 1577 801 1636 quac
822 1563 924 1624 omnia
943 1562 1035 1622 simul
1056 1561 1115 1622 sed
1128 1575 1188 1620 nec

203 1652 353 1722 apparatu
367 1659 427 1704 nec
440 1643 472 1704 vi
486 1643 585 1718 simili,
600 1644 703 1707 Aetoli
717 1645 858 1720 adgressi
872 1653 952 1708 suut.
985 1643 1037 1705 alii
1052 1660 1124 1705 cum
1139 1660 1186 1704 ar-

203 1727 345 1790 dentibus
362 1725 497 1803 lacibus,
517 1727 569 1790 alii
583 1735 728 1805 stuppam
743 1728 906 1806 picemque
920 1736 951 1790 et
964 1729 1127 1790 malleolos
1144 1729 1173 1788 le

202 1819 322 1886 rentes,
341 1818 405 1874 tota
427 1813 598 1874 collucente
618 1809 748 1872 flammis
769 1812 851 1887 acie,
877 1813 1040 1874 advenere.
1072 1814 1185 1874 multos
1246 1845 1247 1933 1

204 1896 302 1972 primo
317 1897 433 1974 impetu
446 1896 593 1958 custodes
606 1905 842 1972 oppresserunt=
865 1898 935 1960 dein
946 1904 1115 1974 postquam
1125 1897 1184 1958 ola·

81 2041 85 2052 ,
203 1979 846 2056 morumuttusqueincasoaastpcrtatus
854 1982 1185 2056 datumqueaconsule
1245 2051 1246 2054 Ἴ

205 2067 342 2140 signum,
362 2079 448 2124 arma
468 2062 593 2140 capiunt
612 2070 643 2124 et
657 2065 798 2126 omnibus
812 2063 911 2141 portis
926 2066 967 2126 ad
980 2079 1072 2142 opem
1086 2065 1184 2126 leren-
1245 2061 1246 2122 l

204 2150 274 2210 dam
292 2147 498 2208 effunduntur.
533 2164 595 2210 uno
609 2145 641 2206 in
656 2148 726 2210 loco
742 2149 823 2210 lerro
837 2148 963 2226 ignique
976 2156 1066 2225 gesta
1078 2163 1147 2220 res;
1167 2164 1186 2208 a

204 2231 326 2292 duobus
341 2228 425 2291 irrito
440 2229 574 2307 incepto,
591 2247 661 2292 cum
674 2236 878 2308 temptassent
890 2233 988 2309 magis
1004 2249 1097 2309 quam
1112 2230 1184 2294 iuis·
1244 2251 1245 2309 t

204 2320 273 2374 sent
287 2318 450 2388 certamen,
461 2315 563 2376 Aetoli
577 2314 805 2380 abscesserunt.
827 2326 917 2380 atrox
930 2332 1035 2394 pugna
1044 2318 1076 2378 in
1088 2331 1182 2378 unum
1243 2379 1244 2388 ,

202 2396 403 2460 inclinaverat
423 2398 534 2460 locum.
566 2399 607 2461 ibi
629 2399 761 2462 diversis
782 2402 921 2477 partibus
937 2401 998 2464 duo
1012 2401 1111 2465 duces
1124 2400 1184 2461 liu-
1243 2403 1244 2498 l

204 2484 344 2557 polemus
366 2488 397 2542 et
415 2482 602 2546 Nicodamus
628 2485 792 2561 pugnantis
816 2485 1017 2548 hortabantur
1036 2491 1067 2546 ct
1086 2501 1185 2562 prope
1242 2523 1243 2526 =

204 2573 288 2628 certa
301 2567 447 2628 fovebant
466 2581 540 2643 spe,
562 2567 622 2628 iam
635 2567 820 2630 Nicandrum
834 2585 875 2630 cx
889 2567 1062 2646 composito
1077 2569 1185 2630 autore
1234 2589 1239 2594 ·

204 2657 235 2710 et
247 2657 335 2725 terga
348 2648 482 2712 hostium
495 2651 684 2714 invasurum.
704 2652 781 2714 haec
795 2668 846 2714 ras
862 2653 1051 2732 aliquamdiu
1064 2653 1184 2715 animos
1241 2699 1242 2720 r

202 2732 403 2810 pugnantium
416 2734 576 2798 sustinuit:
595 2743 729 2800 cotenon
742 2744 909 2813 postquam
923 2737 1038 2800 nullom
1050 2751 1091 2798 cx
1103 2737 1183 2798 com·
1239 2721 1242 2874 Ι

202 2815 306 2890 posito
333 2817 453 2891 signum
473 2833 492 2878 a
511 2819 577 2878 suis
601 2818 794 2894 accipiebant
813 2827 844 2882 ct
863 2835 1005 2884 crescere
1025 2837 1183 2882 numerum

202 2899 339 2960 hostium
359 2899 540 2975 cernebant,
564 2897 700 2963 destituti
721 2906 848 2980 segnius
868 2903 1000 2975 iustare;
1027 2913 1181 2981 postremo

202 2997 237 3042 re
258 2982 389 3056 omissa,
409 2983 468 3043 iarn
482 2981 536 3044 vix
549 2989 614 3046 tuto
627 2991 755 3063 receptu
769 2989 921 3065 rugientes
935 2989 966 3050 in
981 2989 1090 3052 urbem
1104 3006 1181 3051 com-

202 3067 372 3142 pelluntur,
398 3073 485 3142 parte
505 3083 634 3144 operum
654 3069 795 3145 incensa,
818 3081 849 3136 et
868 3075 1006 3150 pluribus
1027 3075 1180 3150 aliquanto

204 3166 295 3228 quam
320 3149 381 3225 ipsi
406 3150 580 3214 ceciderant
605 3154 781 3218 interiectis.
818 3157 932 3233 quodsi
951 3173 993 3220 ex
1012 3158 1180 3234 composito

201 3241 271 3296 acta
285 3249 337 3295 res
352 3233 476 3311 luisset,
499 3235 583 3298 haud
597 3237 724 3302 dubium
738 3248 804 3304 erat
818 3241 989 3319 expugnari
1003 3259 1066 3304 una
1078 3241 1180 3317 utique

202 3326 289 3416 parte
304 3333 401 3394 opera
416 3335 486 3380 cum
499 3336 612 3397 magna
626 3325 722 3386 caede
735 3325 869 3388 hostium
884 3326 1032 3402 potuisse.
1056 3326 1179 3388 Ambra·

203 3415 325 3462 crensas
341 3402 456 3478 quique
472 3403 554 3466 intus
569 3413 656 3466 erant
668 3407 785 3485 Aetoli,
800 3427 862 3471 non
876 3409 915 3472 ab
931 3410 998 3473 eius
1011 3411 1114 3472 solmn
1128 3425 1179 3470 no-

203 3483 260 3543 ctis
281 3484 403 3561 incepto
423 3502 599 3562 recessere,
615 3491 678 3578 ¹sed
699 3493 728 3551 in
749 3493 902 3570 reliquum
923 3508 1048 3570 quoque
1062 3501 1180 3569 tempus
