2480 3904
193 170 198 184 ⁸
244 184 356 246 talitha
371 185 491 245 xltxv.
515 185 889 262 ornamentaque]
995 189 1059 252 219

85 335 254 410 bellumque
270 341 300 393 et
314 333 465 395 Antiocho
481 325 510 394 et
524 335 642 396 Aetolis
657 337 787 398 nuntiari
802 338 950 400 iuberent.
972 340 1058 400 auxi·

84 418 245 489 tinellam,
268 434 330 492 quo
351 419 470 480 censuit
484 419 656 494 Quinctiae,
678 421 912 496 quingentorum
933 423 1058 484 militum

85 501 270 570 Chalcidem,
293 501 526 578 quingentorum
547 501 705 564 Piraeeum
725 507 879 582 extemplo
900 507 1057 568 miserunt.

82 593 146 645 erat
159 585 239 644 enim
252 583 335 646 haud
349 587 458 660 proctd
471 585 622 646 seditione
635 586 764 648 Athenis
781 604 848 663 res,
869 589 1058 652 trahentibus

83 669 120 728 ad
130 667 315 729 Antiochum
329 669 513 745 quibusdam
528 685 586 744 spe
600 671 793 744 largitionum
804 673 944 734 venalem
960 674 1057 748 pretio

82 752 316 826 multitudinem,
343 753 442 814 donee
467 751 506 814 ab
530 753 568 814 ils
596 754 646 828 qui
667 753 823 816 Rotnanae
846 755 940 832 partis
962 765 1056 829 erant,

80 835 236 908 Quinctius
250 845 299 896 est
312 837 444 910 accitus,
460 843 491 896 et
504 844 670 902 accusante
683 837 799 900 Leonte
814 841 949 914 quodam
960 842 1056 914 Apol-

81 920 207 980 lodorus
229 927 336 980 auctor
355 919 534 982 delectionis
560 921 722 982 damnatus
747 928 840 997 atque
861 925 891 984 in
917 925 1057 984 exsilium

79 1010 125 1062 est
140 1003 267 1067 eiectus.

161 1087 201 1146 Et
211 1086 249 1146 ab
260 1087 395 1148 Achaeis
411 1087 535 1163 quidem
549 1102 618 1148 eum
631 1085 709 1148 tristi
723 1103 878 1162 responso
892 1089 1002 1162 legatio
1017 1090 1057 1148 ad

79 1185 181 1245 regem
195 1171 294 1231 rediit.
314 1171 423 1233 Boeoti
437 1170 510 1231 nihil
521 1169 595 1232 certi
606 1171 849 1245 responderunb
872 1187 940 1232 eum
950 1171 1057 1232 Antio·

79 1253 154 1314 chus
166 1255 197 1313 in
209 1254 368 1316 Boeotiam
379 1255 530 1327 venisset,
545 1261 607 1315 tum
623 1253 696 1330 quid
711 1253 769 1314 sibi
784 1255 959 1316 laciundum
973 1261 1058 1315 esset

79 1352 111 1397 se
126 1337 352 1399 deliberaturos
367 1354 447 1399 csse.

161 1423 335 1484 Antiochus
351 1439 420 1482 cum
435 1423 475 1482 ad
489 1419 641 1482 ChalcidIs
661 1419 849 1497 praesidium
870 1429 900 1482 et
912 1423 1057 1486 Achaeos

78 1511 107 1566 et
119 1504 288 1568 Eumenem
302 1521 406 1580 regem
421 1506 544 1566 misisse
558 1505 712 1580 audisset,
737 1505 950 1566 maturandum
963 1515 1057 1584 ratus,

78 1595 108 1648 ut
119 1596 149 1648 ct
161 1591 378 1664 praevenirent
388 1590 435 1650 sui
448 1596 478 1650 et
488 1589 654 1662 venientis,
670 1589 697 1648 si
712 1595 855 1664 possent,
870 1589 1056 1668 exciperent,

77 1669 254 1748 Menippum
263 1689 331 1734 cum
338 1672 434 1734 tribus
447 1675 541 1734 lerme
552 1671 674 1736 milibus
685 1673 811 1734 militum
822 1680 852 1734 et
863 1676 944 1736 omni
957 1677 1057 1738 classe

77 1753 290 1832 Polyxenidan
304 1757 406 1827 mittit,
428 1757 496 1833 ipse
516 1773 634 1832 paucos
650 1764 722 1833 post
736 1757 803 1817 dies
817 1771 874 1818 sex
888 1759 970 1822 milia
984 1775 1056 1822 suo·

77 1856 141 1900 rum
156 1841 301 1914 militum,
317 1847 399 1901 etex
415 1856 452 1902 ea
467 1840 572 1915 copia,
591 1855 670 1914 quae
680 1840 803 1900 Lamiae
814 1849 940 1916 repente
955 1844 1057 1919 colligi

77 1924 191 1997 potuit,
207 1941 268 1985 non
284 1925 325 1985 ita
339 1927 451 1986 multos
463 1925 591 1984 Aetolos
603 1923 695 1984 ducit.
716 1922 834 1984 Achaei
847 1925 1002 2000 quingenti
1018 1927 1056 1986 ab

76 2007 214 2068 Eumene
234 2023 308 2083 rege
325 2007 479 2070 modicum
494 2007 639 2068 auxilium
653 2007 781 2068 missum
796 2007 876 2068 duce
889 2008 1058 2072 Xenoclide

78 2091 270 2153 chalcidensi
290 2094 427 2153 nondum
447 2091 587 2152 obsessis
608 2091 766 2152 itineribus
786 2096 851 2152 tuto
872 2092 1058 2167 transgressi

76 2174 223 2250 Euripum
239 2175 412 2236 Chalcidem
433 2183 644 2251 perveuemnt.
672 2174 801 2236 Romani
822 2175 948 2250 milites,
970 2176 1057 2252 quin-

77 2261 159 2332 genti
177 2259 271 2319 tenne
285 2265 316 2318 ct
330 2259 405 2334 ipsi,
431 2275 499 2321 cum
522 2259 582 2320 iarn
595 2258 762 2336 Menippus
783 2265 884 2318 castra
904 2269 974 2322 ante
990 2259 1057 2322 Sal·

76 2357 179 2416 ganea
189 2343 229 2402 ad
239 2343 430 2414 Hermaeum,
445 2359 506 2418 qua
516 2342 660 2404 transitus
673 2343 850 2404 exBoeotia
862 2343 892 2402 in
899 2342 1057 2406 Euboeam

76 2426 210 2486 insulam
231 2433 293 2496 est,
314 2425 454 2497 haberet,
476 2433 633 2485 venerunt.
666 2424 812 2500 Micythio
833 2433 900 2485 erat
919 2441 988 2484 cum
1009 2427 1056 2500 iis,

75 2510 198 2584 legatus
214 2509 253 2569 ab
268 2508 412 2570 chalcide
426 2509 464 2569 ad
478 2508 648 2583 Quinctium
661 2508 744 2567 adid
756 2507 856 2580 ipsum
869 2508 1056 2581 praesidium

75 2593 244 2666 petendum
265 2591 389 2653 missus.
423 2593 475 2668 qui
500 2599 665 2666 postquam
688 2590 835 2650 obsessas
857 2589 895 2648 ab
916 2590 1056 2652 hostibus

77 2678 186 2737 lauces
202 2677 291 2750 vidit,
307 2677 424 2738 omisso
440 2675 480 2736 ad
490 2675 634 2736 Aulidem
648 2675 754 2734 itinere
767 2673 885 2732 Delium
900 2674 1057 2749 convertit,

75 2766 108 2819 ut
117 2761 193 2819 inde
204 2760 233 2820 in
246 2759 402 2821 Euboeam
413 2759 660 2820 transmissurus.
683 2757 730 2817 Ll.
748 2757 892 2831 templum
905 2759 1058 2832 estApol·

76 2842 147 2904 linis
163 2843 296 2916 Delium,
318 2843 477 2904 imminens
492 2843 583 2903 mari:
607 2841 742 2917 quinque
756 2839 837 2900 milia
854 2856 1003 2916 passuum
1018 2843 1057 2904 ab

75 2926 217 3002 Tanagra
231 2927 334 2987 abest:
356 2927 456 2988 minus
478 2933 621 3002 quattuor
640 2925 755 2986 milium
775 2923 846 3002 inde
866 2925 896 2984 in
918 2925 1058 3002 proxima

75 3008 223 3076 Euboeae
238 3017 287 3070 est
300 3010 376 3070 mari
391 3011 547 3072 traiectus.
568 3009 620 3070 ubi
635 3008 707 3070 etin
724 3008 795 3068 lano
811 3008 944 3084 lucoque
958 3025 996 3070 ea
1010 3025 1056 3070 re·

75 3093 191 3168 ligione
211 3101 242 3154 et
262 3109 300 3154 eo
320 3094 387 3155 iure
407 3101 530 3168 sancto,
553 3109 615 3170 quo
636 3098 707 3153 sunt
721 3093 849 3167 templa,
875 3109 955 3166 quac
969 3095 1058 3169 asyla

76 3176 191 3238 Graeci
216 3177 386 3253 appellant,
412 3184 441 3237 et
464 3177 601 3238 nondum
625 3184 677 3236 aut
700 3175 814 3236 indicto
839 3175 920 3236 bollo
944 3183 997 3235 aut
1016 3176 1059 3236 ita

76 3261 262 3336 commisso,
283 3268 316 3322 ut
335 3262 458 3323 strictos
474 3261 593 3337 gladios
609 3269 661 3320 aut
675 3259 854 3334 sanguinem
869 3274 998 3334 nsquam
1014 3259 1056 3318 la-

75 3351 159 3405 etum
182 3346 356 3420 audissent,
383 3361 451 3406 cum
472 3361 528 3421 per
546 3359 689 3420 magnum
709 3341 803 3404 otium
822 3341 931 3402 milites
952 3341 1002 3402 alii
1017 3343 1057 3402 ad

75 3431 290 3503 spectaculum
305 3429 407 3505 templi
426 3430 550 3512 lucique
564 3429 661 3501 versi,
683 3427 733 3488 alii
753 3426 783 3486 in
805 3426 893 3486 litore
924 3425 1057 3487 inermes
