2482 3902
261 237 377 298 LIBER
391 237 525 300 XXXIII.
547 239 688 305 chuta.
704 251 746 304 19.
769 251 806 318 [a.
822 252 855 305 C.
872 253 934 320 197]
1045 251 1087 315 99

100 399 161 454 turn
176 388 262 450 acies
276 396 407 466 utraque
421 405 517 466 super
529 389 637 468 ripam,
655 392 708 469 qui
722 395 807 456 tenui
822 405 884 458 turn
895 414 979 476 aqua
991 400 1084 464 inter-

97 473 223 548 fluebat,
237 473 396 544 torrentis;
423 473 595 552 paucisque
611 476 680 538 telis
694 478 818 542 emissis
834 479 865 541 in
881 489 983 544 castra
996 501 1083 548 rece·

96 565 211 635 parunt
231 573 312 619 sese.
355 564 483 634 postero
504 557 555 620 die
574 560 686 622 eedem
706 561 815 624 ordine
828 565 968 629 instructi
981 569 1083 633 maius

95 643 254 719 aliquante
279 640 431 718 proelium
456 659 549 718 quam
561 660 619 720 pro
645 661 773 708 numero
796 647 921 712 edidere
941 668 1083 728 pugnan-

95 733 188 790 tium:
203 741 306 802 neque
320 724 402 788 euim
417 727 488 803 plus
502 734 589 790 terna
602 728 687 790 milia
705 730 843 806 peditum
865 735 952 796 luere
965 746 997 800 et
1010 753 1082 800 cen-

95 809 159 872 teni
172 811 270 871 ferme
285 809 415 886 equites.
459 818 594 874 ceterum
609 829 671 874 non
685 831 813 878 numero
829 825 946 881 tanturn
960 838 1019 883 nec
1033 839 1081 883 ar

94 909 216 956 morum
230 909 359 970 genere,
381 895 439 956 sed
454 893 563 958 animis
579 914 705 974 queque
720 901 847 975 paribus
861 911 892 964 et
906 921 1008 982 aequa
1022 923 1081 984 spe

93 986 282 1054 pugnarunt.
323 976 442 1040 Achaei
462 978 552 1056 primi
571 988 705 1044 torrente
720 992 866 1060 superato
881 985 912 1047 in
925 989 1080 1066 Agrianas

93 1063 243 1138 impetum
258 1063 411 1134 lecerunt;
434 1060 546 1126 deirllle
566 1073 631 1127 teta
651 1083 750 1143 prope
771 1084 865 1132 cursu
883 1079 1080 1150 transgressa

92 1161 217 1208 amnem
230 1147 314 1208 acies
329 1155 386 1210 est.
402 1147 456 1210 diu
469 1165 585 1226 anceps
600 1167 706 1226 pugna
720 1151 811 1214 stetit.
826 1170 954 1216 numero
961 1157 1079 1219 Achaei

92 1233 138 1276 **
152 1239 185 1293 et
199 1230 260 1308 ipsi
275 1231 517 1309 quadringentos
530 1235 601 1296 loco
617 1236 775 1310 expulere.
804 1236 949 1302 inclinato
965 1239 1078 1302 deinde

91 1317 186 1378 laevo
202 1313 342 1378 cornuin
357 1317 497 1380 dextmm
512 1333 620 1382 omnes
633 1316 742 1382 conisi.
761 1319 960 1396 Macedones,
975 1340 1078 1401 usque

92 1401 167 1462 dum
184 1398 309 1462 ordines
323 1407 355 1462 et
367 1401 462 1464 veluti
477 1401 590 1478 stipato
603 1403 740 1480 phalanx
762 1405 939 1481 constabat,
959 1407 1078 1470 moveri

92 1483 314 1562 nequiverunt:
335 1493 501 1562 postquam
515 1488 604 1550 laeve
618 1489 714 1550 latere
734 1489 849 1552 nudate
867 1488 1076 1568 circumagere

91 1569 200 1631 hastas
218 1567 438 1630 invenientem
464 1586 506 1632 ox
526 1579 702 1636 transverse
728 1573 850 1636 hostem
871 1575 974 1638 conati
994 1585 1075 1652 sunt,

90 1651 206 1714 turbati
220 1653 374 1728 extemplo
388 1655 548 1718 tumultum
563 1656 661 1732 primo
680 1657 760 1720 inter
774 1675 810 1720 se
825 1660 971 1733 lecerunt,
987 1669 1075 1738 terga

90 1736 208 1799 deinde
232 1743 367 1808 vertunt,
393 1745 551 1813 postremo
570 1739 697 1802 abiectis
718 1742 812 1805 armis
827 1745 858 1804 in
873 1743 1074 1821 praecipitem

90 1822 198 1899 lugam
212 1819 419 1884 effunduntur.
450 1821 613 1900 Bargylias
628 1833 768 1899 petentes
784 1827 940 1904 iugerum:
963 1829 1073 1892 eodem

92 1912 120 1968 et
131 1905 317 1966 Dinocrates
338 1903 481 1982 perlugit.
520 1905 648 1983 Rhodii,
670 1919 817 1985 quantum
837 1909 899 1972 diei
919 1911 1073 1988 superfuit

89 1987 207 2061 secuti,
228 1998 411 2065 receperunt
429 2006 502 2052 sese
516 1988 547 2052 in
562 1999 673 2062 castre.
715 1995 790 2054 satis
805 2002 941 2070 constet,
956 1994 983 2056 si
998 2011 1071 2056 cen-

90 2071 195 2136 lestim
208 2071 344 2134 victores
359 2072 581 2138 Stratoniceam
594 2075 754 2152 petissent
769 2076 867 2154 recipi
881 2094 950 2140 eam
963 2079 1071 2140 urbem

88 2156 158 2218 sine
181 2157 344 2218 certamine
363 2156 514 2234 potuisse.
555 2160 773 2236 praetermissa
793 2160 861 2226 eius
880 2161 926 2222 rei
947 2160 1072 2224 occasio

88 2249 146 2314 est,
163 2240 238 2302 dum
252 2239 283 2300 in
298 2241 432 2303 castellis
446 2241 589 2320 vicisque
601 2244 788 2320 recipiendis
802 2246 936 2308 Peraeae
949 2253 1071 2322 tempus

87 2323 206 2386 teritun
248 2323 369 2387 interim
383 2325 475 2391 animi
490 2343 596 2390 eorum
611 2329 664 2404 qui
678 2328 901 2392 Stratoniceum
913 2329 1071 2406 praesidio

88 2407 270 2471 obtinebant
290 2409 460 2472 confirmati
481 2420 561 2474 sunt.
602 2429 676 2474 mox
696 2420 727 2473 et
739 2412 921 2475 Dinocrates
943 2430 1013 2475 cum
1032 2412 1071 2474 iis

88 2509 173 2568 quae
186 2493 305 2568 proelio
320 2495 536 2570 superlucrant
549 2495 650 2572 copiis
663 2494 786 2558 intravit
804 2512 920 2558 muros.
963 2494 1071 2571 nequi-

87 2593 184 2652 quam
203 2575 286 2638 inde
299 2577 431 2642 obsessa
451 2588 693 2656 oppugnataque
714 2578 788 2640 urbs
810 2587 873 2653 est,
895 2594 954 2640 neo
974 2577 1071 2653 reoipi

86 2659 149 2722 nisi
164 2659 322 2738 aliquanto
338 2669 411 2739 post
424 2679 481 2740 per
494 2662 681 2724 Antiochum
695 2661 802 2738 potuit.
843 2662 922 2724 haec
935 2660 966 2730 in
976 2661 1070 2723 Thes-

87 2742 176 2820 salia,
191 2745 268 2806 haec
279 2745 311 2807 in
325 2745 452 2822 Achaia,
465 2747 542 2810 haee
557 2746 588 2808 in
602 2745 679 2808 Asia
689 2762 746 2823 per
756 2745 883 2808 eosdem
896 2743 963 2807 dies
976 2746 1071 2810 lermc

87 2838 188 2906 gesta.

167 2913 247 2976 XIX.
268 2912 427 2992 Philippus
442 2931 512 2977 cum
522 2915 662 2978 audisset
671 2917 843 2993 Dardanos,
857 2923 1070 2992 transgressos

85 2995 159 3060 finis
173 2997 215 3059 ab
230 3006 408 3075 contemptu
422 2998 569 3062 concussi
589 3008 653 3062 tum
668 2999 770 3077 regni,
792 2997 954 3077 superiora
967 3000 1069 3062 Mace·

85 3081 202 3144 deniae
222 3089 380 3159 evertere,
406 3100 591 3162 quamquam
610 3093 675 3148 teto
697 3101 795 3162 prope
816 3085 891 3146 orbe
911 3093 1068 3157 terrarum,

84 3164 226 3243 undique
240 3183 276 3228 se
291 3183 430 3245 suosque
444 3167 586 3245 exigente
607 3169 743 3243 lortuna,
768 3169 949 3246 urgebatur,
968 3177 1069 3230 tamen

85 3257 187 3314 morte
207 3249 324 3314 tristius
344 3260 430 3316 ratus
443 3251 645 3315 Macedoniae
666 3253 757 3316 etiam
768 3248 972 3329 possessione
986 3248 1069 3325 pelli,
1149 3272 1153 3280 ·

85 3330 203 3395 dilectu
216 3334 330 3412 raptim
340 3354 399 3414 per
411 3337 505 3400 urbes
519 3336 724 3399 Macedonum
738 3334 842 3397 habite
858 3349 928 3394 cum
942 3349 1000 3395 sex
1013 3329 1069 3393 mi·

85 3413 170 3479 libus
182 3417 321 3494 peditum
334 3429 365 3483 et
379 3421 555 3499 quingentis
571 3417 727 3498 equitibus
748 3418 831 3480 circa
845 3416 959 3480 Stobos
973 3416 1069 3478 Paee

85 3499 160 3561 niae
172 3501 343 3580 improviso
358 3505 466 3568 hostes
481 3504 646 3582 oppressit.
672 3519 783 3578 magna
797 3499 957 3562 multitude
971 3497 1069 3562 homi·

825 3580 866 3650 Ἰ*
