2482 3900
234 173 274 234 dd
395 171 509 231 LIBER
523 171 640 230 xxxll.
665 171 748 230 CAP.
763 180 806 232 Ὦ.
819 178 863 230 23.
886 177 922 244 [a.
935 175 969 229 U.
983 195 1004 228 c.
1017 177 1076 242 sal]

231 329 383 403 politanas
404 337 530 384 avorum
552 323 699 382 memoria
718 324 825 398 pulsos
841 323 880 382 ab
894 323 1128 385 Lacedaemoniis
1141 341 1175 384 re·

230 411 368 472 stituerat
381 409 411 468 in
435 407 564 482 patriam
577 407 766 482 Antigonus,
790 413 820 466 et
834 407 977 484 Dymaeis
995 407 1085 482 captis
1099 424 1175 483 nuper

229 494 419 568 direptisque
431 491 469 550 ab
481 491 616 550 exercitu
627 489 775 564 Romano,
792 505 859 549 curn
871 491 977 549 redimi
992 505 1054 565 eos,
1065 491 1175 552 ubicum-

230 593 289 653 que
309 575 472 646 servirent,
492 571 651 648 Philippus
671 573 829 648 iussisset,
852 590 912 632 non
932 573 1092 634 libertatem
1104 576 1174 634 modo

228 661 284 720 sed
306 660 394 718 eliam
414 657 542 734 patriam
556 657 747 716 reddiderat:
775 659 834 716 iam
849 656 969 731 Argivi,
991 665 1175 732 praeterquam

230 742 313 820 quod
327 741 530 801 Macedonum
545 755 635 814 reges
650 740 689 799 ab
704 755 738 800 se
754 741 901 800 oriundos
918 740 1056 811 credunt,
1076 742 1175 815 privatis

229 827 318 888 etiam
340 825 481 898 hospitiis
503 823 702 898 familiarique
723 823 854 883 amicitia
869 824 1008 900 plerique
1022 825 1115 898 illigati
1126 823 1174 881 Phi-

230 911 314 985 lippo
337 915 432 968 erant.
466 908 505 967 ob
520 906 597 967 haee
613 907 758 981 concilio,
779 907 862 982 quod
877 906 1072 967 inclinaverat
1085 908 1119 966 ad
1130 907 1174 966 Ro·

229 1010 349 1054 marram
370 991 547 1052 societatem
563 991 740 1064 iubendam,
763 999 980 1058 excesserunt3
1002 989 1138 1065 veniaque
1149 989 1175 1048 iis

229 1079 318 1137 huius
343 1074 530 1136 secessionis
557 1073 612 1133 luit
633 1082 663 1134 et
682 1074 800 1148 magnis
821 1080 850 1132 et
872 1074 1045 1134 recentibus
1064 1072 1175 1147 obligatis

231 1160 398 1220 benefieiis.
432 1158 537 1217 XXlll.
564 1158 656 1216 ceteri
673 1159 777 1232 populi
792 1157 987 1217 Achaeorum
1003 1173 1067 1217 eum
1083 1165 1175 1216 senten·

229 1247 287 1304 tias
310 1249 560 1318 perrogarentur,
591 1241 766 1300 societatem
790 1257 861 1300 eum
886 1242 989 1300 Attalo
1017 1257 1052 1300 ae
1075 1239 1175 1300 Rhodiis

229 1327 383 1402 praesenti
405 1327 528 1386 decreto
551 1323 782 1384 confirmarunt:
812 1340 880 1383 cum
900 1324 1046 1384 Romanis
1068 1325 1129 1399 quia
1145 1322 1173 1378 in·
1208 1337 1209 1344 ¹

230 1413 315 1471 iussu
330 1409 435 1484 populi
450 1425 510 1468 non
526 1413 647 1481 poterat
657 1415 722 1468 rata
737 1423 817 1479 esse,
832 1407 862 1466 in
879 1407 910 1466 id
924 1415 1053 1484 tempus,
1069 1407 1166 1482 quello
1208 1413 1209 1440 l

229 1511 308 1552 mano
331 1493 404 1552 mitti
427 1491 516 1565 legati
540 1497 682 1564 possent,
705 1492 797 1552 dilata
817 1497 881 1560 est;
910 1489 940 1548 in
962 1487 1175 1565 praesentiatris

229 1579 346 1651 legatos
363 1575 402 1634 ad
413 1574 446 1633 L.
461 1573 629 1648 Quinotium
642 1573 715 1634 mitti
727 1575 849 1648 placuit,
865 1579 895 1632 et
906 1575 1071 1635 exereitum
1082 1587 1176 1634 omnen

227 1660 421 1718 Achaeorum
437 1659 477 1716 ad
495 1657 668 1717 Corinthum
684 1657 839 1717 admoveri
855 1657 953 1732 captis
969 1657 1122 1718 Cenchreis
1135 1655 1176 1713 iaa

228 1743 333 1802 urbem
349 1743 448 1816 ipsam
464 1740 602 1814 Quinctio
619 1747 826 1816 oppugnante.

311 1825 348 1886 Et
362 1826 381 1884 ii
404 1824 526 1900 quidem
543 1840 559 1883 e
575 1823 699 1898 regione
720 1833 840 1899 portae,
864 1842 943 1901 quae
958 1828 1018 1887 lert
1033 1823 1177 1902 Sicyonem,

231 1915 399 1986 posuerunt
413 1915 522 1968 eastra.
557 1908 686 1968 Romani
703 1907 873 1970 Cenchreas
889 1925 1012 1970 versam
1026 1916 1130 1986 partem
1142 1919 1177 1962 ur·

230 1993 291 2066 his,
313 1994 433 2053 Attalus
455 1993 594 2052 traducto
616 2006 672 2066 per
686 1991 832 2052 lsthmum
852 1995 988 2054 exercitu
1004 1995 1042 2054 ab
1056 1990 1178 2057 Lechaeo,

229 2078 352 2136 alterius
367 2076 458 2136 maris
475 2084 580 2150 portu,
604 2077 838 2151 oppugnabant,
863 2077 960 2154 primo
977 2077 1110 2152 segnius,
1125 2086 1177 2144 spe·
1207 2141 1208 2144 Ἴ

228 2167 331 2218 rantes
353 2159 533 2219 seditionem
555 2159 636 2218 intus
658 2159 724 2218 lore
744 2160 822 2219 inter
844 2161 1019 2236 oppidanos
1040 2156 1177 2230 aereglun
1207 2167 1208 2172 ¹

229 2243 425 2316 praesidium.
457 2251 622 2317 postquam
636 2259 698 2302 uno
715 2243 815 2302 animo
831 2261 953 2317 omnes,
977 2255 1008 2306 et
1020 2241 1178 2303 Macedones

228 2335 381 2400 tamquam
397 2341 587 2386 eomrnnnem
603 2326 730 2400 patriam
745 2329 920 2402 tuebantur,
943 2335 974 2388 et
993 2324 1127 2388 Corinthii
1139 2320 1178 2378 du·

229 2426 295 2469 cem
315 2410 461 2485 praesidii
476 2410 721 2470 Androsthenem
743 2411 825 2470 haud
845 2425 936 2471 secus
959 2427 1051 2486 quam
1065 2408 1148 2468 civem
1160 2408 1179 2459 el

228 2493 374 2570 suffragio
391 2502 525 2554 creatum
539 2509 596 2556 suo
607 2494 736 2570 imperio
749 2495 778 2553 in
792 2509 827 2554 se
837 2495 879 2555 uti
892 2494 1089 2570 patiebantur,
1104 2486 1179 2550 omnis

227 2579 298 2639 inde
323 2595 396 2654 spes
423 2579 629 2654 pugnantibus
650 2578 680 2638 in
701 2577 730 2637 vi
752 2586 781 2638 et
801 2579 893 2638 armis
915 2586 945 2638 et
964 2577 1106 2653 operibus
1124 2575 1179 2629 erat.

228 2661 364 2738 orandique
391 2677 519 2736 aggeres
544 2662 625 2721 baud
651 2661 732 2721 facili
755 2662 837 2722 aditu
858 2663 897 2721 ad
918 2663 1039 2722 moenia
1062 2659 1180 2722 admove-

228 2747 345 2803 bantur.
379 2746 457 2804 aries
484 2762 522 2803 ex
542 2761 580 2803 ea
599 2755 686 2818 parte
712 2761 802 2818 quam
822 2745 950 2806 Romani
977 2739 1180 2820 oppugnabam

228 2827 414 2900 aliquantum
428 2829 505 2887 muri
523 2827 671 2896 diruerat;
693 2830 722 2886 in
741 2845 829 2904 quem
845 2831 961 2901 locum,
986 2830 1057 2904 quia
1070 2823 1180 2885 nudatus

228 2910 412 2970 munimento
426 2917 498 2982 erat,
515 2913 736 2984 protegendum
749 2913 840 2972 armis
853 2929 921 2972 eum
932 2911 1115 2972 Macedones
1126 2918 1181 2963 con
1206 2967 1207 2982 1

229 3001 400 3068 currerent,
423 3002 510 3054 atrox
532 2995 681 3068 proelium
703 2996 781 3055 inter
801 3011 856 3056 eos
878 3011 915 3056 ac
934 2997 1090 3057 Romanos
1104 2995 1180 3050 onum

227 3084 284 3138 est.
318 3093 354 3137 ac
375 3077 472 3154 primo
493 3076 683 3138 multitudine
705 3079 794 3138 laeile
815 3079 1046 3155 expellebantur
1057 3068 1181 3138 Romonb

228 3162 398 3236 adsumptis
424 3163 535 3222 deinde
555 3161 748 3224 Achaeorum
770 3164 924 3238 Attalique
949 3160 1069 3224 auxiliis
1089 3168 1180 3229 aequa·

227 3247 300 3306 bant
321 3252 488 3319 certamen,
510 3261 567 3306 nec
588 3247 712 3306 dubium
734 3255 805 3320 erat,
822 3249 895 3322 quin
909 3247 1093 3307 Macedonas
1108 3241 1181 3300 Grae·

229 3345 345 3404 cosque
366 3331 455 3390 laeile
475 3333 543 3392 loco
559 3333 677 3406 pulsuri
693 3331 812 3393 luerint.
846 3331 1069 3406 transfugarum
1083 3321 1181 3414 italico*

229 3427 292 3469 rum
314 3429 424 3487 magna
446 3415 602 3475 multitudo
624 3423 703 3486 erat,
727 3431 797 3489 pars
818 3430 856 3473 ex
871 3413 1048 3473 Hannibalis
1066 3407 1180 3470 exercit
