2480 3904
243 199 359 259 LIBER
372 199 493 259 XXXV.
517 199 598 259 CAP.
610 207 654 262 37.
666 206 710 262 38.
733 206 770 274 [a.
784 206 815 260 C.
830 202 891 278 192]
999 199 1060 262 200

75 349 278 430 Euthymidas
290 351 328 411 ab
340 350 469 412 Athenis
479 383 524 396 -
534 366 605 412 eum
620 351 772 412 domicillo
788 351 945 428 delegerat
958 354 1061 414 locum

73 467 118 478 -
130 433 254 494 Tbebas
268 435 412 510 primum,
432 433 504 495 hino
519 433 671 509 Salganea
692 434 859 510 prooessit,
879 435 1059 498 Herodorus

75 517 115 578 ad
126 517 302 578 Thronium.
324 518 397 578 inde
411 517 492 578 haud
508 520 616 594 procul
630 519 660 580 iu
675 518 805 582 Maliaco
820 519 890 582 sinu
906 517 1060 582 duomilia

74 600 214 675 pediturn
227 601 328 662 lhoas
350 608 380 662 et
400 602 551 664 ducentos
572 603 706 678 equites,
732 602 891 681 onerarias
912 604 997 664 leves
1019 603 1057 664 ad

74 685 197 758 triginta
210 684 351 746 habebat.
381 701 434 748 eas
451 701 520 746 cum
535 687 692 748 sexcentis
709 686 863 763 peditibus
878 686 1059 748 Herodorus

73 767 206 828 traicere
219 767 250 828 in
266 769 397 830 insulam
411 771 574 831 Atalanten
588 769 710 844 iussus,
725 778 759 832 ut
772 770 858 844 inde,
880 785 949 832 cum
963 771 1058 846 pedo·

73 851 147 912 stris
164 852 271 926 copias
286 854 539 930 appropinquare
554 853 614 914 iam
628 854 732 915 Aulidi
749 861 842 930 atque
855 854 972 930 Euripo
987 870 1058 916 sen-

72 935 185 1006 sisset,
203 934 376 998 chaleidem
386 938 536 998 coiceret.
558 937 629 1012 ipse
643 944 762 999 ceteras
777 939 884 1013 copias
899 940 1057 1000 nocturnis

71 1018 208 1080 maxime
227 1019 401 1095 itineribus,
422 1029 537 1097 quanta
558 1026 678 1096 poterat
697 1022 865 1097 celeritate,
883 1022 1057 1083 chalcidem

71 1101 216 1163 ducebat.
248 1102 410 1166 XXXVIII.
431 1105 581 1184 Micythio
594 1111 625 1164 et
638 1103 840 1177 Xenoclides,
861 1121 958 1180 penes
976 1122 1057 1181 quos

71 1194 138 1247 tum
158 1200 278 1248 summa
296 1203 399 1248 rerum
419 1189 511 1264 pulso
532 1188 720 1267 Euthymida
734 1187 878 1249 chalcide
898 1195 978 1263 erat,
1001 1205 1058 1251 seu

70 1269 135 1345 ipsi
156 1283 268 1344 perse
289 1273 438 1347 suspicati
458 1289 516 1334 seu
534 1273 668 1334 indicata
688 1287 722 1332 re
745 1272 842 1347 primo
862 1272 966 1348 pavidi
983 1272 1057 1334 nihil

70 1369 207 1428 usquam
222 1354 289 1429 spei
304 1355 363 1416 nisi
377 1357 408 1416 in
423 1357 496 1431 luga
510 1356 681 1433 ponebant,
703 1356 815 1416 deinde
829 1363 994 1432 postquam
1009 1371 1056 1416 re·

71 1437 157 1498 sedit
168 1443 267 1499 terror
277 1446 307 1500 et
317 1439 408 1515 prodi
424 1447 455 1500 et
465 1439 567 1501 deseri
580 1457 642 1501 non
653 1439 783 1516 patriam
794 1440 886 1500 modo
898 1440 955 1500 sed
967 1441 1057 1502 edam

70 1524 283 1582 Romanorum
298 1523 474 1584 societatem
496 1524 676 1599 cernebant,
698 1524 828 1585 oonsilio
842 1524 902 1584 tali
924 1524 1056 1584 animum

71 1604 263 1667 adiecerunt
285 1623 408 1667 sacrum
421 1607 662 1668 anniversarium
683 1623 721 1668 eo
738 1609 816 1668 torte
830 1615 969 1683 tempore
983 1607 1055 1668 Ere·

70 1689 151 1750 triae
170 1690 402 1766 Amarynthidis
422 1691 538 1752 Dianac
559 1700 640 1766 erat,
666 1692 752 1766 quod
775 1708 837 1752 non
862 1692 1054 1768 popularium

71 1772 168 1835 modo
190 1771 249 1834 sed
263 1774 470 1852 Carystiorum
492 1775 581 1835 etiam
603 1783 694 1836 coetu
708 1775 888 1840 celebratur.
912 1792 949 1837 eo
965 1777 1055 1836 mise·

70 1863 146 1918 runt
160 1857 212 1932 qui
228 1867 350 1919 orarent
362 1858 552 1918 Eretrienses
568 1859 804 1936 carystiosque,
825 1867 859 1920 ut
879 1868 909 1920 et
930 1876 1055 1921 suarum

71 1943 265 2003 romanarum
279 1944 309 2002 in
322 1942 430 2002 eadem
442 1942 543 2002 insula
553 1942 645 2019 geniti
655 1942 887 2015 misererentur,
905 1950 935 2002 et
944 1945 1054 2005 Roma-

71 2041 145 2086 nam
160 2025 338 2088 societatem
352 2026 550 2102 respicerent.
572 2042 612 2085 ne
630 2025 764 2087 sinerent
777 2025 956 2091 Aetolorum
969 2026 1055 2087 Chal·

72 2110 175 2170 cidem
187 2109 269 2170 fieri:
286 2109 444 2172 Euboeam
454 2109 630 2184 habituros,
645 2110 673 2170 si
680 2109 855 2171 Chalcidem
865 2109 1055 2172 habuissent.

71 2208 186 2268 graves
203 2193 298 2255 luisse
308 2193 496 2255 Macedonas
511 2195 668 2256 dominosz
689 2194 784 2256 multo
798 2195 899 2255 minus
913 2195 1055 2256 tolerabi-

71 2279 110 2337 lis
126 2278 247 2338 futuros
261 2279 400 2340 Aetolos.
427 2278 635 2340 Romanorum
654 2279 786 2339 maxime
806 2287 966 2354 respectus
982 2277 1054 2339 civi·

72 2367 151 2422 tates
178 2359 286 2436 movit,
313 2369 343 2422 et
367 2363 507 2423 virtutem
531 2379 630 2438 nuper
653 2363 685 2422 in
710 2362 791 2422 hello
816 2371 847 2423 et
871 2364 901 2422 in
928 2363 1055 2427 victoria

71 2444 219 2508 iustitiam
234 2445 511 2522 benignitatemque
527 2453 681 2522 expertas.
710 2445 812 2520 itaque
828 2447 912 2520 quod
933 2446 1054 2506 roboris

72 2528 100 2590 in
123 2529 282 2590 iuventute
304 2536 369 2590 erat
388 2537 518 2605 utraque
542 2530 649 2589 civitas
671 2529 798 2590 armavit
821 2527 975 2602 misitque.
1006 2528 1054 2587 his

72 2613 189 2674 tuenda
202 2613 324 2674 moenia
339 2612 490 2674 Chalcidis
507 2612 654 2688 oppidani
677 2627 745 2672 cum
759 2610 972 2684 tradidissent,
994 2609 1055 2684 ipsi

71 2695 218 2758 omnibus
240 2698 338 2772 copiis
353 2696 539 2772 transgressi
553 2697 702 2772 Euripum
716 2694 756 2754 ad
771 2693 923 2770 Salganea
941 2709 1054 2770 posue·

70 2787 143 2841 runt
166 2787 277 2841 castra.
303 2781 375 2842 inde
396 2782 581 2842 caduceator
601 2781 746 2856 primum,
770 2777 881 2838 deinde
903 2779 994 2853 legati
1015 2778 1055 2838 ad

72 2866 203 2926 Aetolos
217 2866 304 2924 missi
319 2872 563 2940 percunctatum,
586 2880 648 2940 quo
671 2880 728 2925 suo
744 2861 826 2924 dieto
841 2863 962 2924 tactuve
978 2863 1054 2924 socii

70 2957 167 3025 atque
178 2949 267 3008 amici
280 2950 318 3009 ad
331 2965 366 3010 se
379 2949 606 3026 oppugnandos
617 2947 765 3008 venirent.
787 2947 1053 3023 responditThoas

72 3032 137 3093 dux
149 3033 330 3094 Aetolorum
351 3051 414 3095 non
431 3034 471 3093 ad
491 3033 719 3109 oppugnandos
741 3032 798 3091 sod
818 3032 858 3091 ad
877 3032 1053 3092 liberandos

71 3116 110 3176 ab
125 3117 275 3178 Romanis
296 3117 401 3178 venire
421 3133 509 3187 sese;
532 3115 741 3192 splendidiore
762 3129 843 3176 nunc
860 3131 915 3176 eos
937 3121 1054 3186 catena,

72 3200 129 3260 sed
143 3201 239 3262 multo
254 3201 395 3275 graviore
414 3199 535 3263 vinctos
556 3216 642 3274 esse,
664 3215 757 3276 quam
777 3215 847 3259 cum
866 3197 1053 3274 praesidium

70 3283 277 3345 Macedonum
297 3284 329 3344 in
350 3300 421 3345 arce
441 3283 631 3346 habuissent.
659 3299 695 3344 se
713 3297 788 3345 vero
810 3296 923 3356 negare
939 3279 1054 3340 chalci-

73 3367 189 3429 denses
211 3375 264 3428 aut
284 3369 401 3428 servire
422 3369 475 3428 ulli
496 3374 549 3429 aut
572 3367 729 3443 praesidio
752 3367 932 3440 cuiusquam
953 3379 1054 3438 egere.

73 3449 115 3511 ita
129 3451 263 3526 digressi
278 3467 317 3511 ex
333 3453 487 3527 colloquio
510 3452 599 3526 legati
614 3452 653 3512 ad
670 3466 760 3522 suos,
779 3448 880 3510 lhoas
899 3455 931 3507 et
944 3447 1055 3521 Aetoli,

117 3553 145 3594 r.
165 3551 227 3594 arur
249 3552 326 3596 unas
348 3536 400 3594 lV.
817 3541 848 3592 tt
