2480 3904
132 227 371 314 arnuuuxxv.
385 225 523 288 aaran
536 233 579 288 ar.
592 230 674 298 [aa.
688 249 712 284 ι.
725 234 823 290 ema.
837 232 868 284 c.
883 233 944 300 rra]
991 225 1050 288 193

83 381 208 458 peditum
236 378 409 457 quindecim
437 379 660 455 imperarentur
683 388 713 439 et
739 379 895 455 quingenti
919 380 1049 455 equites.

82 465 182 526 Atilius
197 461 317 540 triginta
331 478 427 524 naves
444 464 681 539 quinqueremes
699 464 801 523 iacere
822 461 943 537 iussus,
965 473 995 524 et
1011 479 1051 524 ex

82 548 232 609 navalibus
246 555 365 608 veteres
378 544 547 620 deducere,
563 548 590 608 si
603 562 682 622 quae
694 545 784 608 utiles
796 553 916 621 essent,
931 555 961 608 et
976 548 1049 606 scri·

81 634 146 692 bere
160 632 277 692 navalis
301 632 416 692 socios.
445 637 475 692 et
489 629 666 691 consulibus
682 630 877 706 imperatum,
898 639 933 692 ut
945 630 973 690 ei
988 631 1049 692 duo

81 713 154 776 milia
168 715 337 790 sociumac
350 714 449 775 Latini
470 714 601 782 nominis
622 722 652 774 et
671 713 751 774 mille
765 714 921 776 Romanos
944 714 1051 776 darent

80 799 200 876 pedites.
221 798 252 859 bi
268 800 330 860 duo
347 804 506 874 praetores
522 783 552 858 el
567 798 628 860 duo
644 798 812 874 exercitus,
827 781 980 860 terrestris
997 815 1049 858 na-

80 881 221 958 valisque,
235 883 386 943 adversus
397 882 504 944 Nabim
516 889 623 958 aperte
634 882 693 942 iam
705 889 932 959 oppugnantem
945 881 1049 944 socios

80 968 179 1042 populi
192 967 322 1028 Romani
337 966 517 1027 dicebantur
531 966 642 1041 parari.
671 971 806 1028 ceterum
825 965 916 1040 legati
932 966 972 1026 od
985 967 1046 1028 An·

80 1050 204 1111 tiochum
218 1050 305 1111 missi
320 1050 596 1126 exspectabantur,
612 1057 642 1110 et
656 1050 837 1125 priusquam
850 1050 871 1108 ii
885 1049 1049 1124 redissent,

81 1141 206 1196 vetuerat
214 1134 437 1195 cmllomitium
447 1134 740 1196 eonsulemsenatus
748 1133 909 1194 discedere
917 1133 955 1192 ab
964 1133 1049 1194 urbe.

79 1219 147 1278 XXI.
179 1218 373 1294 praetoribus
389 1217 496 1280 Fulvio
512 1226 543 1278 et
557 1216 732 1290 Scribonio,
756 1216 868 1292 quibus
888 1223 922 1276 ut
942 1217 989 1276 ius
1005 1217 1051 1276 di-

19 1327 21 1334 >
80 1311 173 1362 terent
185 1303 304 1363 Romae
314 1302 474 1377 provincia
488 1309 567 1374 erat,
583 1301 738 1376 negotium
749 1301 868 1374 datum,
884 1307 918 1360 ut
930 1307 1051 1375 praeter

79 1401 139 1446 earn
152 1386 301 1460 classem,
323 1386 372 1446 oui
387 1385 496 1446 Atilius
512 1387 707 1460 praefuturus
722 1391 802 1456 erat,
825 1390 946 1444 centum
963 1382 1049 1458 quin-

81 1485 230 1544 queremes
242 1475 398 1546 pararent.

153 1553 336 1630 Priusquam
359 1555 467 1614 consul
487 1560 712 1629 praetoresque
732 1551 763 1610 in
785 1549 962 1627 provincias
977 1568 1049 1626 pro·

79 1635 295 1712 ficiseerentur,
312 1637 497 1712 supplicatio
510 1637 565 1698 luit
576 1635 786 1712 prodigiorum
799 1651 903 1696 causa.
926 1650 1050 1711 capram

80 1737 130 1782 sex
142 1719 260 1783 haedos
275 1735 337 1784 uno
354 1722 417 1782 ictu
432 1721 569 1782 edidisse
583 1737 623 1780 ex
633 1719 745 1781 Piceno
761 1720 929 1780 nuntiatum
944 1726 1005 1794 cst,
1021 1728 1051 1780 et

79 1805 180 1867 Arretii
191 1821 323 1881 puerum
334 1811 437 1866 natum
449 1803 639 1876 unimanum,
652 1804 799 1866 Amiterni
810 1811 891 1864 terra
902 1804 1049 1878 pluvisse,

80 1884 197 1950 Formiis
211 1895 334 1966 portam
355 1903 536 1964 murumque
557 1889 597 1948 de
618 1889 703 1948 caelo
725 1895 821 1955 tacta;
844 1893 874 1946 et
889 1888 972 1961 quod
987 1903 1048 1946 nra-

80 1973 151 2034 xime
162 1974 304 2047 terrebat,
317 1972 454 2034 consulis
462 1971 513 2033 Cn.
521 1971 643 2035 Domitii
654 1971 766 2032 bovem
777 1972 910 2030 locutum
923 1971 1048 2043 „Roma

81 2072 146 2116 cave
158 2058 242 2119 tmif‘
261 2065 432 2118 ceterorum
443 2057 653 2132 prodigiomm
665 2071 760 2116 eausa
771 2051 976 2130 supplicatum
987 2063 1036 2114 est

81 2135 179 2202 bovem
194 2158 266 2204 eum
280 2156 354 2202 cura
368 2141 484 2201 servari
500 2141 602 2216 alique
615 2140 797 2215 haruspices
811 2138 975 2200 iusserunt.
1003 2137 1044 2196 Ti-

80 2223 152 2286 beris
166 2223 327 2288 infestiore
343 2240 432 2298 quam
449 2225 552 2298 priore
564 2225 680 2300 impetu
694 2223 795 2284 illatus
804 2221 877 2298 urbi
895 2221 957 2282 duo
972 2237 1046 2298 pon·

58 2323 61 2329 ·
80 2307 125 2379 tis,
146 2308 288 2370 aedilicia
301 2310 407 2382 multa,
429 2307 561 2369 maxime
582 2307 664 2368 circa
678 2315 798 2382 portam
811 2305 1050 2379 Flumentanam,

80 2397 185 2454 erertit.
219 2409 330 2454 saxum
351 2393 475 2467 ingens,
504 2393 571 2454 sive
592 2391 738 2454 imbribus
759 2407 815 2450 seu
845 2397 929 2450 motu
951 2395 1051 2448 terrae

80 2475 183 2538 leniore
213 2493 305 2553 quam
317 2483 350 2536 ut
361 2475 475 2550 alioqui
486 2476 663 2547 sentiretur,
678 2475 891 2538 labefactatum
905 2473 935 2531 in
950 2472 1050 2531 vicum

78 2558 222 2636 lugarium
243 2576 284 2620 ex
299 2560 446 2635 Capitolio
469 2559 614 2634 procidit,
636 2565 667 2617 et
686 2558 798 2618 multos
820 2555 986 2629 oppressit.
1020 2555 1049 2612 in

79 2644 152 2718 agris
177 2645 296 2722 passim
320 2642 474 2706 inundatis
501 2657 600 2718 pecua
625 2641 739 2714 ablata,
766 2639 905 2704 uillarum
931 2644 1047 2711 strages

79 2727 150 2790 laeta
164 2738 221 2790 est.
433 2741 435 2746 ·

153 2813 335 2888 Priusquam
356 2811 389 2872 L.
412 2811 569 2887 Quinctius
591 2809 699 2872 consul
720 2805 749 2868 in
772 2805 960 2882 provinciam
981 2822 1049 2882 per-

79 2897 202 2971 veniret,
218 2895 419 2970 obtinueras
435 2895 464 2956 in
481 2911 554 2972 agro
566 2894 679 2956 Pisano
695 2907 762 2954 eom
776 2890 939 2968 Liguribus
954 2889 1050 2967 signis

79 2979 189 3042 collatis
211 2979 374 3057 pugnavit:
398 2997 509 3042 novem
528 2979 609 3040 milia
629 2977 761 3039 bostium
783 2975 909 3050 occidit,
931 2981 1050 3038 eeteros

79 3062 158 3125 lusos
173 3065 359 3141 fugatosque
373 3064 403 3124 in
419 3069 520 3125 castra
535 3063 690 3140 compulit.
717 3077 754 3120 ea
767 3076 869 3136 usque
883 3061 913 3120 in
929 3067 1050 3121 noctem

78 3161 181 3222 magno
197 3148 361 3210 certamine
376 3155 554 3224 oppugnata
566 3147 756 3220 defensaque
769 3151 850 3206 sunt.
872 3150 962 3204 nocte
974 3143 1052 3204 clam

78 3232 200 3302 proiecti
214 3233 360 3308 Ligurem
386 3232 484 3308 prima
505 3233 573 3292 luce
593 3246 692 3290 vacua
712 3237 814 3289 castra
827 3228 984 3288 Romanus
1006 3225 1049 3284 in·

79 3315 158 3376 rasit.
189 3316 325 3391 praedae
340 3317 439 3378 minus
455 3317 609 3377 inventum
626 3321 687 3384 cst,
705 3313 791 3388 quod
806 3309 937 3372 subinde
951 3309 1049 3383 spolia

79 3412 215 3471 agromm
237 3407 328 3477 capte
348 3400 458 3462 domos
479 3399 644 3460 mittebant.
672 3396 823 3456 Minucius
844 3393 918 3452 nilril
940 3389 1051 3452 deinde

78 3479 235 3546 laxamenti
249 3484 390 3547 hostibus
405 3485 503 3545 dedit:
527 3499 565 3544 ex
582 3498 655 3556 agro
667 3480 779 3540 Pisano
795 3479 825 3539 in
836 3477 964 3552 Ligures
981 3491 1051 3551 pro-

114 3583 139 3625 r.
153 3582 215 3627 ιινι
229 3583 305 3630 nans
320 3569 371 3628 lv.
810 3569 844 3623 13
