2480 3904
199 225 260 290 208
356 226 468 286 LIBER
478 225 597 286 XXXV.
621 223 704 285 chit
717 231 760 287 36.
773 231 817 288 37.
830 229 868 297 [a.
881 227 915 282 U.
927 245 951 280 e.
962 228 1024 296 56⁰]

197 377 338 455 eorporis
360 375 521 450 custodes,
548 391 617 436 eum
642 375 672 434 in
693 374 791 436 oculis
811 389 863 434 res
884 380 1054 449 gereretur,
1081 389 1174 450 pavor

196 463 295 539 primo
317 460 415 536 cepit3
442 459 554 519 deiude
576 465 740 534 postquam
766 458 850 518 abire
869 459 1049 520 Aetolorum
1069 473 1174 532 agmen

197 546 317 618 videre,
334 549 520 604 concurrunt
533 543 574 602 ad
584 543 722 602 relictum
735 543 857 621 tyranni
870 557 1000 617 corpus,
1015 549 1046 602 et
1057 549 1175 617 specta-

197 638 295 690 torum
309 627 398 688 turba
413 643 452 687 ex
467 626 648 687 custodibus
663 626 743 686 vitae
754 627 924 700 mortisque
936 625 1088 687 ultoribus
1102 627 1176 687 lacta

196 721 254 774 est.
276 728 334 772 neo
348 711 498 771 movisset
511 726 547 770 se
562 711 741 785 quisquam,
757 710 785 770 si
796 711 950 785 extemplo
964 710 1076 785 positis
1088 711 1174 770 armis

196 804 307 859 vocata
332 795 363 855 in
390 794 564 856 contionem
588 793 747 854 multitudo
773 793 883 856 ruisset
907 799 937 853 et
957 794 1056 856 oratio
1077 793 1175 855 hahita

196 880 326 957 tempori
341 878 544 952 conveniens,
566 877 742 952 trequentes
757 877 828 938 inde
842 877 951 938 retenti
964 879 995 938 in
1009 878 1106 938 armis
1120 881 1174 938 Ae·

195 965 249 1026 toli
264 963 332 1025 sine
345 962 456 1024 iniuria
470 962 668 1038 cuiusquam:
696 963 769 1038 sed,
794 968 827 1023 ut
847 963 982 1038 oportuit
1001 962 1032 1022 in
1049 962 1175 1024 oonsilio

196 1047 305 1110 fraude
325 1053 453 1123 coepto,
474 1045 578 1108 omnia
596 1045 627 1105 in
648 1046 857 1108 maturandam
885 1046 1052 1122 perniciem
1075 1061 1175 1108 eoram

197 1133 249 1208 qui
262 1134 398 1192 lacerant
411 1137 482 1192 sunt
493 1137 571 1192 acta.
593 1131 657 1191 dux
668 1129 752 1206 regia
765 1130 902 1192 inclusus
915 1130 996 1191 diem
1006 1146 1045 1190 ac
1059 1138 1175 1191 noctem

196 1218 226 1276 in
241 1216 415 1277 scrutandis
438 1214 591 1276 thesauris
613 1214 734 1293 tyranni
749 1213 955 1290 consumpsit,
977 1215 1083 1274 Aetoli
1100 1215 1176 1273 velut

195 1307 285 1376 capta
298 1300 389 1373 urbe,
412 1315 502 1376 quam
523 1299 673 1360 liberasse
687 1297 783 1360 videri
796 1297 954 1372 volebant,
976 1297 1006 1355 in
1030 1298 1175 1372 praedam

195 1385 287 1444 versi.
310 1384 401 1444 simul
415 1383 580 1458 indignitas
595 1383 656 1456 rei,
674 1381 762 1443 simul
777 1387 969 1456 contemptus
984 1383 1109 1442 animos
1123 1381 1173 1440 La-

196 1467 402 1528 cedaemoniis
417 1468 457 1527 ad
478 1466 651 1527 coeundum
670 1466 750 1526 lecit.
773 1465 823 1524 alii
844 1464 947 1525 dicere
965 1465 1173 1526 exturbandos

194 1551 333 1622 Aetolos,
350 1557 380 1610 ot
390 1551 573 1622 libertatem,
590 1564 659 1608 cum
670 1547 788 1610 restitui
800 1548 963 1624 videretur,
977 1550 1174 1626 interceptam

159 1693 162 1700 ,
194 1633 410 1710 repetendam
431 1633 497 1706 alii,
513 1639 547 1692 ut
560 1639 654 1708 caput
667 1633 805 1709 agendae
819 1632 864 1692 rei
878 1641 977 1708 esset,
992 1633 1073 1708 regii
1088 1649 1173 1708 gene·

194 1717 237 1776 ris
253 1717 384 1792 aliquem
399 1717 429 1776 in
442 1717 579 1792 speciem
591 1717 822 1777 adsumendum.
843 1715 1016 1778 Laconicus
1028 1717 1099 1778 eius
1112 1718 1173 1778 stir-

195 1800 244 1876 pis
256 1807 321 1860 erat
333 1815 409 1876 puer
419 1800 600 1874 admodum,
613 1801 743 1861 eductus
756 1815 823 1861 cum
835 1800 939 1860 liberis
951 1802 1088 1880 tyranni.
1112 1817 1173 1863 eum
1227 1815 1228 1852 n

196 1887 226 1948 in
242 1900 354 1962 equum
369 1883 545 1962 imponunt,
564 1893 594 1946 et
609 1885 700 1946 armis
716 1883 845 1960 arreptis
861 1887 990 1947 Aetolos
1006 1901 1110 1961 vagos
1125 1901 1174 1960 per
1227 1853 1228 1932 l

197 1969 301 2033 unbem
322 1969 463 2031 caedant.
489 1977 552 2030 tum
572 1969 687 2045 regiam
708 1969 871 2030 invadunt:
897 1969 939 2030 ibi
952 1971 1174 2030 Alexamenum

197 2070 264 2116 cum
279 2053 386 2129 paucis
398 2055 591 2114 resistentem
603 2053 792 2114 obtruncant
813 2053 914 2114 Aetoli
926 2054 1007 2114 circa
1019 2054 1174 2116 Chaleioe·
1226 2049 1227 2142 l

201 2153 255 2196 con
268 2169 312 2181 -
324 2135 481 2196 Minervae
496 2144 544 2197 est
557 2138 703 2212 templum
720 2153 845 2200 aereum
857 2171 901 2183 -
915 2138 1097 2214 congregati
1111 2152 1173 2198 eae-

195 2220 315 2279 duntur.
339 2222 429 2294 pauci
444 2221 537 2282 armis
553 2220 695 2297 abiectis,
711 2239 784 2298 pars
800 2224 932 2298 Tegeam
947 2217 1019 2298 pars
1033 2221 1172 2298 Megalen

194 2302 277 2377 polin
287 2303 470 2379 perfugiunt.
482 2303 523 2363 ibi
536 2305 709 2380 comprensi
722 2306 977 2382 amagistratibus
990 2307 1049 2366 sub
1061 2321 1174 2368 corona

197 2386 363 2448 venierunt.
395 2387 543 2450 XXXVll.
570 2387 789 2465 Philopoemen
814 2389 917 2460 audita
937 2391 1034 2450 caede
1053 2390 1173 2467 tyranni
1224 2423 1225 2438 t

195 2471 353 2546 proiectus
368 2471 632 2534 Lacedaemonem
648 2490 717 2534 cum
731 2475 833 2536 omnia
851 2473 972 2534 turbata
992 2481 1075 2534 metu
1091 2475 1172 2534 inve·

194 2555 306 2630 nisset,
331 2558 468 2618 evocatis
489 2557 693 2633 principibus,
719 2566 749 2619 et
771 2557 909 2619 oratione
929 2557 1046 2630 habita,
1075 2558 1172 2633 qualis

196 2634 337 2700 habenda
356 2641 545 2703 Alexameno
569 2643 680 2714 iuerat,
706 2641 845 2703 societati
864 2641 1061 2703 Achaeorum
1081 2643 1171 2703 Lace·

195 2723 374 2785 daemonias
385 2725 537 2797 adiunxit,
554 2740 591 2786 eo
604 2726 693 2785 etiam
707 2725 840 2800 facilius,
857 2727 942 2800 quod
952 2726 992 2786 ad
1003 2727 1087 2787 idem
1099 2728 1172 2787 sorte

194 2814 315 2879 tempus
326 2809 364 2866 A.
376 2807 487 2867 Atilius
500 2823 568 2866 cum
582 2815 724 2883 quattuor
738 2815 769 2870 et
781 2809 885 2885 viginti
901 2809 1171 2886 quinqueremibus
1222 2861 1223 2886 ,

195 2887 234 2945 ad
250 2887 394 2966 Gythium
407 2890 548 2950 accessit.

278 2969 389 3030 lisdem
405 2972 513 3034 diebus
536 2973 617 3034 circa
638 2974 810 3037 chalcidem
824 2977 926 3038 Thoas
947 2994 1003 3056 per
1015 2977 1169 3057 Euthymi-

195 3053 265 3114 dam
281 3055 466 3130 prinoipem,
491 3058 613 3133 pulsum
635 3059 746 3133 opibus
761 3076 867 3122 eorum
883 3062 935 3137 qui
949 3064 1108 3123 Romanae
1123 3078 1169 3122 so·

195 3138 311 3200 cietatis
327 3147 414 3200 erant
430 3149 501 3215 post
514 3142 547 3201 Τ.
563 3141 692 3216 Quinctii
707 3145 938 3220 legatorumque
954 3145 1128 3218 adventum,
1143 3153 1170 3204 et

194 3221 387 3284 Herodorum
402 3223 526 3285 Cianum
546 3233 761 3298 mercatorem,
783 3229 839 3289 sed
861 3235 1014 3304 potentem
1030 3229 1169 3290 Chalcide

195 3313 321 3382 propter
341 3307 475 3382 divitias,
500 3310 691 3384 praeparatis
707 3311 747 3370 ad
762 3312 966 3386 proditionem
987 3313 1024 3373 ils
1047 3313 1167 3390 quiEu-

195 3388 350 3465 thymidae
366 3391 505 3453 factionis
521 3400 620 3466 erant,
643 3409 839 3470 nequaquam
859 3397 987 3456 eandem
1009 3395 1166 3468 fortunam,

195 3487 256 3542 qua
275 3473 442 3533 Demetrias
468 3490 524 3550 per
543 3475 750 3552 Eurylochum
778 3487 928 3554 occupata
953 3489 1032 3555 erat,
1057 3481 1167 3541 habuit.
