2482 3900
187 206 231 271 cs
345 203 461 264 amun
475 202 593 262 xxror.
617 180 1032 272 CAP.14.15.[s.U.c.5ati

188 373 262 420 sese
283 357 335 432 qui
350 357 486 430 Argenta
508 353 622 430 quique
636 349 809 413 Pherinium
824 356 855 410 et
868 349 1018 410 Timarum
1032 355 1064 408 et
1077 347 1169 428 Ligy-

186 458 243 502 nas
265 449 296 502 et
316 439 484 500 Stimonem
506 443 537 498 et
555 437 722 512 Lampsum
746 433 874 510 habent,
899 434 1019 508 aliaque
1041 435 1171 494 castella

186 525 271 586 iuxta
283 523 438 600 ignobilia.

270 607 349 667 llum
372 607 559 668 Athamanes
587 604 752 680 Aetolique
781 608 933 663 summoto
964 600 1170 662 Macedonum

186 699 267 752 metu
280 692 311 752 in
326 691 425 751 aliena
439 689 569 751 victoria
584 704 672 749 suam
687 686 833 763 praedam
847 685 974 757 leuium,
996 685 1168 747 Thessalia-

186 792 248 853 que
269 776 307 836 ab
328 774 426 836 tribus
451 774 542 834 simul
567 772 766 846 exercitibus,
791 772 908 831 incerta
931 783 1023 844 quem
1047 770 1169 831 hostem

187 875 319 937 quemve
333 859 453 920 socium
468 858 622 928 crederet,
638 862 791 930 vastatur,
803 855 913 916 consul
930 854 1072 915 faucibus
1089 870 1167 930 quas

186 946 259 1018 luga
277 943 411 1004 hostium
432 947 595 1018 aperuerat
615 942 646 1000 in
667 940 825 1014 regionem
837 938 922 1014 Epiri
942 944 1168 1014 bansgressus,

186 1029 243 1089 etsi
258 1028 356 1103 probe
371 1027 448 1102 scit,
472 1025 523 1089 oni
539 1025 619 1104 parti
637 1024 780 1098 Charopo
795 1023 934 1098 principe
949 1030 1080 1098 excepto
1095 1023 1168 1098 lipi-

184 1119 272 1173 rotae
291 1111 456 1184 lavissent,
470 1118 572 1172 tamen
587 1109 660 1184 quia
674 1109 712 1168 ab
728 1107 938 1168 satisfaciendi
955 1123 1080 1182 quoque
1094 1123 1169 1168 cura

185 1197 335 1272 imperata
352 1195 442 1255 enixe
454 1195 558 1254 tacere
573 1193 664 1267 videt,
677 1208 715 1250 ex
726 1191 881 1267 praesumi
892 1205 948 1250 eos
961 1191 1166 1268 potiusquam

185 1296 226 1341 ex
242 1279 406 1355 praeterito
421 1279 561 1339 aestimat
576 1277 695 1350 habitu,
720 1282 750 1336 et
765 1291 802 1335 ea
815 1276 885 1352 ipsa
902 1275 1045 1336 facilitate
1057 1277 1169 1336 veniae

185 1365 304 1424 animos
327 1379 433 1424 eorum
444 1363 478 1423 in
492 1368 652 1436 posterum
666 1360 816 1420 conciliat.
844 1359 948 1420 missis
964 1359 1076 1420 deinde
1089 1378 1167 1421 nun·

184 1448 235 1507 tiis
252 1447 427 1526 Corcyram,
442 1451 477 1506 ut
494 1445 654 1506 onerariae
669 1459 764 1506 naves
780 1444 811 1502 in
826 1443 927 1504 sinum
941 1444 1080 1504 venirent
1092 1447 1168 1504 Am·

185 1531 336 1604 bracium,
358 1531 427 1606 ipse
449 1545 635 1606 progressus
656 1529 786 1589 modicis
806 1529 965 1606 itineribus
989 1535 1097 1604 quarto
1118 1529 1169 1589 die

186 1616 216 1677 in
231 1621 334 1675 monte
349 1611 489 1674 oeroeuo·
499 1611 605 1689 posuit
619 1620 734 1685 castra,
756 1612 866 1672 eodem
879 1613 1082 1691 Amynandro
1097 1629 1170 1673 cum

79 1714 82 1721 ·
185 1700 251 1760 suis
271 1699 392 1759 auxiliis
408 1697 520 1773 accito,
537 1713 599 1756 non
612 1703 676 1757 tam
690 1696 800 1756 virium
817 1697 883 1757 eius
899 1711 1010 1770 egens,
1028 1711 1122 1774 quam
1136 1706 1170 1757 ut

188 1783 282 1848 duces
296 1782 328 1842 in
341 1781 532 1842 Thessaliam
546 1781 681 1841 haberet.
708 1780 746 1840 ab
761 1781 871 1840 eodem
887 1781 1017 1841 consilio
1031 1787 1063 1840 et
1076 1782 1169 1857 pleri-

187 1873 248 1943 que
261 1865 457 1942 Epirotarum
470 1864 632 1926 voluntarii
647 1863 725 1924 inter
740 1864 853 1924 auxilia
867 1866 995 1940 accepti.
1016 1865 1083 1926 XV.
1106 1867 1170 1940 pri-

186 1965 266 2010 mam
292 1949 412 2010 urbium
433 1949 610 2008 Thessaliae
633 1947 805 2007 Phaloriam
825 1953 873 2007 est
892 1947 1071 2024 adgressus.
1104 1949 1169 2009 duo

186 2035 269 2095 milia
278 2033 482 2093 Macedonum
496 2033 526 2090 in
542 2031 697 2106 praesidio
711 2030 853 2104 habebat,
870 2032 923 2106 qui
936 2033 1035 2108 primo
1048 2048 1170 2094 summa

185 2118 216 2176 vi
231 2117 415 2188 restiterunt,
432 2122 578 2190 quantum
593 2131 685 2188 arma,
703 2121 847 2190 quantum
859 2117 982 2177 moenia
991 2117 1071 2178 tueri
1081 2125 1170 2194 pote-

185 2207 262 2260 rant.
279 2199 337 2260 sed
349 2200 537 2274 oppugnatio
551 2199 703 2273 continua,
714 2215 777 2260 non
789 2205 879 2260 nocte
890 2213 953 2259 non
964 2200 1016 2260 die
1026 2202 1170 2276 remissa,

188 2299 258 2344 oum
280 2284 390 2346 consul
411 2283 442 2342 in
458 2298 496 2344 eo
517 2283 595 2344 verti
611 2283 749 2343 crederet
761 2290 934 2344 ceterorum
947 2283 1171 2347 Thessalorum

186 2368 320 2440 animoS,
343 2368 370 2427 si
390 2367 479 2442 primi
499 2367 561 2426 vim
575 2368 743 2428 Romanam
761 2383 825 2428 non
840 2369 1076 2443 sustinuissent,
1096 2371 1172 2431 vicit

186 2451 386 2528 pertinaciam
400 2451 613 2512 Macedonum.
648 2459 738 2526 capte
750 2450 891 2512 Phaloria
910 2453 1002 2528 legati
1022 2453 1170 2514 ahietro-

186 2537 251 2616 poli
272 2543 302 2596 et
321 2532 451 2602 adierio
464 2535 613 2596 dedentes
633 2535 726 2596 urbes
746 2542 905 2596 venerunt.
939 2537 1029 2596 venia
1050 2538 1172 2597 eisdem

186 2621 360 2696 petentibus
383 2621 481 2680 datur.
514 2618 655 2680 Phaloria
675 2619 802 2680 incensa
823 2635 859 2678 ac
873 2619 993 2694 direpta
1006 2629 1063 2682 est.
1096 2621 1172 2682 inde

186 2705 349 2778 Aeginium
370 2707 452 2777 petit.
487 2719 578 2778 quern
596 2703 699 2764 locum
720 2717 789 2764 oum
808 2704 858 2763 vel
873 2704 994 2764 modico
1009 2705 1171 2780 praesidio

186 2794 284 2846 tutum
305 2802 341 2846 ae
361 2801 461 2860 prope
481 2786 749 2860 inexpugnabilem
768 2786 913 2860 vidisset,
935 2789 1044 2862 paucis
1059 2791 1092 2848 in
1107 2797 1171 2850 sta-

99 2943 101 2952 Ι
186 2869 299 2930 tionem
314 2869 486 2942 proximam
496 2868 565 2928 telis
580 2870 725 2930 coniectis
738 2871 778 2930 ad
790 2871 998 2948 Gomphorum
1009 2873 1171 2949 regionem

186 2966 296 3027 agmen
315 2951 414 3012 vertit.
448 2951 677 3028 degressusque
696 2953 727 3012 in
742 2969 869 3030 campos
882 2955 1077 3031 Thessaliae,
1100 2971 1170 3018 cum

186 3037 247 3097 iam
268 3036 370 3098 omnia
390 3035 537 3096 exercitui
558 3037 718 3111 deessent,
747 3039 819 3113 quia
839 3039 1034 3114 Epirotarum
1055 3056 1168 3116 peper-

185 3125 272 3181 cerat
291 3119 390 3196 agris,
411 3121 570 3196 explorato
592 3129 676 3195 ante,
696 3128 797 3182 utrum
810 3123 983 3184 Leucadem
1005 3140 1044 3183 an
1066 3123 1171 3187 sinum

187 3205 384 3266 Ambracium
409 3205 567 3266 onerariae
591 3206 776 3281 tenuissent,
802 3206 1014 3268 frumentatum
1036 3208 1170 3268 Ambra-

185 3289 265 3350 eiam
278 3287 310 3348 i'n
323 3289 423 3349 vicem
439 3288 582 3349 cohortes
597 3289 687 3350 misit.
719 3298 750 3351 et
763 3295 812 3350 est
825 3291 882 3351 iter
895 3305 914 3350 a
929 3289 1079 3365 Gomphis
1094 3293 1171 3352 Am·

186 3371 321 3432 breciam
341 3371 421 3432 sicut
439 3372 616 3447 impeditum
630 3388 666 3431 ac
681 3373 818 3444 difficile,
841 3375 882 3434 ita
897 3375 997 3450 spatio
1013 3376 1173 3450 perbrevi.

188 3447 268 3513 intra
285 3469 404 3515 paucos
426 3453 530 3530 itaque
544 3455 611 3514 dies
624 3457 806 3516 transvectis
822 3472 841 3516 a
855 3458 931 3518 mari
947 3460 1172 3520 commeatibus
