2480 3904
213 191 279 256 202
362 191 477 252 LIBER
491 188 638 250 XXXVII.
660 189 742 250 CAP-
757 199 784 251 2.
798 199 825 252 3.
848 197 883 264 [a.
898 196 933 249 tl.
945 195 1040 264 ecit]

213 355 275 407 tum
287 344 391 405 addita
402 344 537 419 peditum
549 341 659 402 civium
669 341 878 404 Romanortun
888 342 946 402 tria
959 343 1055 415 milia,
1070 342 1176 417 equites

213 437 348 502 centum,
365 434 395 488 at
409 427 527 486 socium
540 425 638 486 Latini
653 427 784 487 nominis
800 427 937 502 quinque
951 426 1049 498 mida,
1070 425 1177 500 equites

213 511 352 580 dacenth
376 518 406 570 et
420 510 572 570 adiectum
584 517 630 581 nt,
652 523 722 569 aum
736 510 767 568 in
788 509 977 585 provinciam
990 509 1140 583 venisset,
1157 511 1177 568 si

212 611 231 655 a
244 611 278 654 rc
292 593 416 669 publica
429 593 585 653 videratur
595 607 682 666 essa,
698 594 865 655 exercitum
878 593 909 652 in
922 592 1029 654 Asiam
1040 590 1177 654 traiceret.

212 679 298 739 alteri
312 677 430 738 consuli
445 683 525 737 totus
540 691 641 737 novus
655 677 810 738 exercitus
824 676 983 750 decretus,
1003 676 1085 736 dnae
1098 677 1177 750 lapu-

212 775 268 822 nes
287 762 445 822 Romanae
460 767 491 820 et
510 759 629 821 socium
642 760 739 821 Latini
759 761 892 822 nominis
913 759 1091 835 quindecim
1111 757 1178 819 mila

212 845 362 920 peditum,
379 843 499 920 equites
514 844 662 905 sexcenti.
684 845 852 905 exereitum
865 859 906 904 ex
915 841 1082 918 Liguribus
1093 841 1126 916 Q.
1135 842 1178 900 lll-

211 928 321 988 nucius
335 928 453 987 -iam
467 927 547 987 enim
562 928 733 988 conlectam
747 927 937 1002 provinciam
957 927 1138 1002 scripserat,
1156 933 1179 984 et

205 1009 354 1084 ‚Ligtrrum
369 1025 460 1072 ornne
473 1025 585 1071 nomen
600 1011 630 1070 in
646 1011 831 1072 deditionem
841 1011 967 1072 venisse
979 1043 1018 1056 -
1031 1009 1180 1071 traducere

211 1094 242 1153 in
252 1095 348 1156 Boios
360 1101 391 1154 et
400 1094 433 1153 P.
447 1094 586 1156 cornelio
597 1095 777 1170 proconsuli
786 1095 909 1155 undere
919 1095 1038 1155 inacus·
1057 1107 1179 1166 exagro,

212 1193 274 1253 quo
288 1179 388 1239 victos
402 1177 483 1239 bello
504 1177 684 1238 multaverat
696 1177 807 1249 Boios,
833 1177 1037 1238 deducendae
1058 1176 1179 1236 tabanus

211 1261 365 1338 legiones,
382 1273 462 1335 quaa
475 1262 579 1338 priore
593 1275 675 1321 anno
691 1262 887 1337 conscriptae
899 1267 1001 1334 erant,
1023 1259 1067 1320 ll.
1080 1259 1178 1320 tucca

210 1345 346 1418 praetori
361 1345 465 1416 datae,
482 1350 512 1404 et
526 1343 644 1405 socium
655 1359 692 1406 ac
701 1343 799 1405 Latini
810 1344 943 1406 nominis
954 1343 1096 1420 peditum
1107 1341 1178 1417 quin·

213 1425 310 1487 lacim
325 1427 408 1486 milla
421 1433 452 1486 et
466 1427 586 1502 equites
605 1427 759 1502 sexcenti,
779 1428 820 1488 ad
834 1428 978 1503 Apuliam
992 1425 1178 1499 Bruttiosque

211 1509 405 1571 obtinendos.
441 1511 478 1568 A.
505 1509 645 1570 cornelio
671 1511 842 1586 superioris
866 1509 938 1571 anni
961 1511 1114 1586 praetori,
1138 1508 1177 1581 qui

210 1591 342 1654 Bruttios
358 1607 427 1652 oum
441 1593 578 1652 exercitu
593 1591 779 1668 obtinuerat,
800 1595 997 1670 imperatum,
1019 1593 1050 1654 si
1065 1593 1106 1654 ita
1119 1607 1185 1652 con.

209 1675 268 1733 stili
281 1675 450 1748 videretur,
465 1681 499 1736 ut
512 1675 651 1750 legiones
665 1677 697 1736 in
708 1678 859 1738 Aetoliam
873 1678 1017 1738 traiectas
1029 1676 1083 1738 Μ’.
1094 1673 1177 1735 Acilio

209 1757 356 1832 traderet,
372 1759 399 1819 si
415 1759 441 1818 is
456 1771 581 1818 manere
594 1759 636 1819 ibi
650 1762 757 1821 vellete
778 1761 806 1821 si
816 1761 934 1821 Acilius
948 1761 1054 1821 redire
1065 1760 1175 1820 Roman
1215 1805 1216 1812 ,

208 1840 325 1914 mallet,
346 1847 380 1902 ut
395 1843 433 1902 Α.
449 1840 608 1903 cornelius
622 1858 692 1904 cum
706 1858 744 1904 eo
759 1845 940 1905 exercituin
954 1844 1175 1905 ,tatoliarema
1215 1837 1216 1860 ¹

208 1931 304 1984 neret.
327 1924 359 1985 C.
374 1925 509 1987 Atinium
522 1925 697 1989 Labeonem
719 1927 909 2003 provinciam
925 1926 1062 1988 Siciliam
1077 1923 1174 1986 exerti·

208 2015 334 2082 tumque
349 2007 420 2068 alti.
434 2009 564 2070 Aemilio
586 2011 727 2085 accipere
747 2012 874 2086 placuit,
897 2017 928 2071 et
947 2011 979 2069 in
993 2011 1175 2086 supplemen·

208 2099 272 2150 lum
293 2091 429 2151 scribere
450 2105 489 2150 ex
510 2093 580 2166 ipsa
600 2094 773 2168 provincia,
799 2094 826 2154 si
838 2095 946 2167 velet,
973 2094 1112 2168 peditum
1126 2091 1175 2150 dno

208 2173 291 2235 milla
306 2180 337 2231 ct
351 2180 471 2233 centum
487 2175 616 2248 equites.
636 2176 670 2235 P.
681 2177 786 2238 lunius
796 2177 910 2238 Brutus
924 2178 955 2238 in
965 2177 1089 2239 'luscos
1103 2189 1174 2236 eser·

207 2253 298 2313 eitum
313 2269 443 2328 novum,
468 2258 621 2330 legionem
640 2273 732 2320 unam
744 2263 914 2324 Romanam
935 2266 966 2320 et
978 2260 1090 2321 decem
1109 2256 1177 2318 milia

207 2336 327 2398 socium
339 2353 375 2398 ac
387 2338 484 2400 Latini
497 2340 628 2402 nonanis
640 2343 789 2417 scribere,
806 2353 837 2406 et
847 2344 1093 2421 quadringentos
1102 2340 1174 2416 aqu·
1213 2321 1214 2398 i

206 2427 270 2490 ωας
292 2421 325 2480 L.
340 2419 503 2498 Aemilius,
519 2425 568 2485 eui
582 2427 731 2487 maritima
745 2429 905 2502 provincia
918 2434 999 2503 crat,
1013 2427 1120 2506 viginti
1133 2438 1166 2483 na

207 2516 264 2564 ves
278 2505 387 2580 longas
401 2511 433 2566 et
447 2506 552 2568 socios
566 2510 683 2571 navalis
699 2511 770 2572 all.
785 2512 873 2573 lunio
888 2519 1033 2588 praetore
1047 2507 1170 2588 superio·

206 2587 250 2647 ris
269 2589 341 2649 anni
360 2590 501 2666 accipere
526 2593 645 2668 iussus,
672 2601 702 2655 et
721 2595 857 2656 scribere
877 2597 947 2672 ipse
966 2595 1050 2658 mille
1070 2591 1173 2657 navalis

206 2671 327 2746 socios,
347 2673 409 2734 duo
424 2675 505 2734 milia
518 2675 670 2750 peditum3
693 2693 762 2739 cum
781 2678 819 2739 iis
833 2679 964 2742 navibus
978 2680 1174 2751 mutatusque

206 2752 242 2846 in·
253 2756 360 2814 Asiam
375 2757 545 2832 proticisci,
560 2765 591 2819 et
605 2762 736 2822 classem
750 2777 770 2822 a
784 2763 815 2823 c.
830 2764 917 2824 Livio
932 2763 1086 2840 accipere.
1107 2762 1171 2822 duas

205 2831 372 2909 H¹⁵i>enias
388 2837 621 2916 Sardiniamque
641 2845 847 2908 obtinentibus
863 2854 1064 2923 prorogatum
1085 2848 1114 2908 in
1130 2857 1170 2902 an·

206 2931 279 2977 num
292 2919 451 2994 imperium
465 2930 513 2982 cst
527 2929 557 2983 et
570 2923 651 2985 idem
665 2929 820 2992 exercitus
832 2931 957 2992 decreti.
980 2929 1103 2994 Siciliae
1112 2927 1169 2990 Sar·

205 3000 370 3077 diniaaque
389 3003 480 3066 binae
501 3021 539 3068 co
560 3023 641 3071 anno
666 3009 816 3074 decumae
840 3014 981 3074 numerati
1002 3015 1169 3090 imperatae

207 3082 342 3147 Siculum
354 3101 447 3148 omne
462 3091 643 3154 lrtmrentunr
657 3094 687 3154 ln
701 3095 851 3158 Aetoliam
873 3098 913 3157 ad
930 3099 1098 3159 exercitum
1112 3107 1168 3169 por
1209 3109 1210 3116 ¹

205 3169 262 3229 tari
276 3169 409 3244 iussum;
432 3189 471 3234 ex
485 3173 626 3238 Sardinia
647 3193 721 3253 pars
734 3179 864 3241 Romam
884 3195 957 3255 pars
977 3180 1007 3239 in
1023 3178 1165 3248 Aetolian

204 3253 315 3314 eodem
330 3271 391 3332 quo
408 3255 553 3320 Simrlum.

288 3338 338 3398 lll.
358 3339 539 3418 Priusquam
555 3347 700 3405 consules
715 3347 745 3405 in
760 3346 936 3422 provincias
947 3352 1167 3423 proficisceren-

202 3421 266 3491 tur,
281 3421 423 3497 prodlgla
437 3441 493 3500 per
506 3427 668 3500 pontifices
684 3431 843 3503 procurari
858 3431 982 3508 placuit.
1004 3431 1118 3492 Romae
1129 3425 1166 3482 lu·
