<?xml version="1.0" encoding="UTF-8"?>
<!DOCTYPE html PUBLIC "-//W3C//DTD XHTML 1.0 Transitional//EN"
    "http://www.w3.org/TR/xhtml1/DTD/xhtml1-transitional.dtd">
<html xmlns="http://www.w3.org/1999/xhtml" xml:lang="en" lang="en">
 <head>
  <title>
</title>
<meta http-equiv="Content-Type" content="text/html;charset=utf-8" />
  <meta name='ocr-system' content='tesseract 3.04.00' />
  <meta name='ocr-capabilities' content='ocr_page ocr_carea ocr_par ocr_line ocrx_word'/>
</head>
<body>
  <div class='ocr_page' id='page_1' title='image "./titiliviaburbec08livygoog_0329.png"; bbox 0 0 2506 3898; ppageno 0'>
   <div class='ocr_carea' id='block_1_1' title="bbox 199 245 1047 318">
    <p class='ocr_par' dir='ltr' id='par_1_1' title="bbox 199 245 1047 318">
     <span class='ocr_line' id='line_1_1' title="bbox 199 245 1047 318; baseline -0.007 -4"><span class='ocrx_word' id='word_1_1' title='bbox 199 249 264 314; x_wconf 82' lang='grc'><strong>300</strong></span> <span class='ocrx_word' id='word_1_2' title='bbox 337 249 453 310; x_wconf 77' lang='lat' dir='ltr'>LIBER</span> <span class='ocrx_word' id='word_1_3' title='bbox 466 247 613 310; x_wconf 78' lang='lat' dir='ltr'>XXXVII.</span> <span class='ocrx_word' id='word_1_4' title='bbox 635 245 719 306; x_wconf 81' lang='lat' dir='ltr'><strong>CAP.</strong></span> <span class='ocrx_word' id='word_1_5' title='bbox 732 254 776 308; x_wconf 74' lang='lat' dir='ltr'><strong>lt.</strong></span> <span class='ocrx_word' id='word_1_6' title='bbox 787 253 833 307; x_wconf 78' lang='lat' dir='ltr'><strong>lo.</strong></span> <span class='ocrx_word' id='word_1_7' title='bbox 856 249 893 318; x_wconf 81' lang='lat' dir='ltr'><strong>[c.</strong></span> <span class='ocrx_word' id='word_1_8' title='bbox 903 249 937 303; x_wconf 90' lang='lat' dir='ltr'><strong>U.</strong></span> <span class='ocrx_word' id='word_1_9' title='bbox 947 267 974 303; x_wconf 83' lang='lat' dir='ltr'><strong>c.</strong></span> <span class='ocrx_word' id='word_1_10' title='bbox 984 251 1047 317; x_wconf 75' lang='lat'><strong>562]</strong></span> 
     </span>
    </p>
   </div>
   <div class='ocr_carea' id='block_1_2' title="bbox 199 398 1170 1728">
    <p class='ocr_par' dir='ltr' id='par_1_2' title="bbox 199 398 1170 1728">
     <span class='ocr_line' id='line_1_2' title="bbox 201 398 1162 475; baseline -0.002 -13"><span class='ocrx_word' id='word_1_11' title='bbox 201 407 358 464; x_wconf 64' lang='lat' dir='ltr'><strong>vendunt.</strong></span> <span class='ocrx_word' id='word_1_12' title='bbox 389 400 559 462; x_wconf 78' lang='lat' dir='ltr'>Antiochus</span> <span class='ocrx_word' id='word_1_13' title='bbox 574 414 643 459; x_wconf 90' lang='lat' dir='ltr'><strong>aum</strong></span> <span class='ocrx_word' id='word_1_14' title='bbox 658 399 767 474; x_wconf 87' lang='lat' dir='ltr'><strong>paucis</strong></span> <span class='ocrx_word' id='word_1_15' title='bbox 782 398 918 474; x_wconf 75' lang='lat' dir='ltr'><strong>lugiens,</strong></span> <span class='ocrx_word' id='word_1_16' title='bbox 940 399 970 459; x_wconf 90' lang='lat' dir='ltr'><strong>in</strong></span> <span class='ocrx_word' id='word_1_17' title='bbox 986 399 1057 475; x_wconf 87' lang='lat' dir='ltr'><strong>ipso</strong></span> <span class='ocrx_word' id='word_1_18' title='bbox 1071 400 1162 460; x_wconf 87' lang='lat' dir='ltr'><strong>itinere</strong></span> 
     </span>
     <span class='ocr_line' id='line_1_3' title="bbox 201 481 1163 565; baseline -0.005 -17"><span class='ocrx_word' id='word_1_19' title='bbox 201 487 340 565; x_wconf 86' lang='lat' dir='ltr'><strong>pluribus</strong></span> <span class='ocrx_word' id='word_1_20' title='bbox 355 483 611 561; x_wconf 65' lang='lat' dir='ltr'><strong>congregantibus</strong></span> <span class='ocrx_word' id='word_1_21' title='bbox 626 497 671 556; x_wconf 88' lang='lat' dir='ltr'><strong>se,</strong></span> <span class='ocrx_word' id='word_1_22' title='bbox 685 481 808 543; x_wconf 87' lang='lat' dir='ltr'><strong>modica</strong></span> <span class='ocrx_word' id='word_1_23' title='bbox 817 497 910 543; x_wconf 92' lang='lat' dir='ltr'><strong>rnanu</strong></span> <span class='ocrx_word' id='word_1_24' title='bbox 921 487 1103 544; x_wconf 75' lang='lat' dir='ltr'><strong>meramnum</strong></span> <span class='ocrx_word' id='word_1_25' title='bbox 1113 498 1163 543; x_wconf 83' lang='lat' dir='ltr'><strong>ne</strong></span> 
     </span>
     <span class='ocr_line' id='line_1_4' title="bbox 201 563 1163 638; baseline -0.004 -8"><span class='ocrx_word' id='word_1_26' title='bbox 201 570 254 631; x_wconf 90' lang='lat' dir='ltr'><strong>dia</strong></span> <span class='ocrx_word' id='word_1_27' title='bbox 266 571 362 630; x_wconf 81' lang='lat' dir='ltr'><strong>ierne</strong></span> <span class='ocrx_word' id='word_1_28' title='bbox 376 573 466 630; x_wconf 89' lang='lat' dir='ltr'><strong>nocte</strong></span> <span class='ocrx_word' id='word_1_29' title='bbox 480 565 588 628; x_wconf 86' lang='lat' dir='ltr'><strong>Sardis</strong></span> <span class='ocrx_word' id='word_1_30' title='bbox 601 565 765 627; x_wconf 76' lang='lat' dir='ltr'><strong>contendit.</strong></span> <span class='ocrx_word' id='word_1_31' title='bbox 791 565 872 638; x_wconf 89' lang='lat' dir='ltr'><strong>inde,</strong></span> <span class='ocrx_word' id='word_1_32' title='bbox 889 581 958 627; x_wconf 90' lang='lat' dir='ltr'><strong>curn</strong></span> <span class='ocrx_word' id='word_1_33' title='bbox 970 563 1108 628; x_wconf 78' lang='lat' dir='ltr'><strong>audisset</strong></span> <span class='ocrx_word' id='word_1_34' title='bbox 1119 567 1163 628; x_wconf 82' lang='lat' dir='ltr'><strong>Se</strong></span> 
     </span>
     <span class='ocr_line' id='line_1_5' title="bbox 201 650 1164 728; baseline -0.002 -15"><span class='ocrx_word' id='word_1_35' title='bbox 201 655 322 715; x_wconf 87' lang='lat' dir='ltr'><strong>leucum</strong></span> <span class='ocrx_word' id='word_1_36' title='bbox 343 651 437 714; x_wconf 72' lang='lat' dir='ltr'><strong>filiurn</strong></span> <span class='ocrx_word' id='word_1_37' title='bbox 458 657 487 712; x_wconf 91' lang='lat' dir='ltr'><strong>et</strong></span> <span class='ocrx_word' id='word_1_38' title='bbox 502 651 654 726; x_wconf 85' lang='lat' dir='ltr'><strong>quosdam</strong></span> <span class='ocrx_word' id='word_1_39' title='bbox 672 650 838 710; x_wconf 85' lang='lat' dir='ltr'><strong>amicorum</strong></span> <span class='ocrx_word' id='word_1_40' title='bbox 852 652 1023 726; x_wconf 80' lang='lat' dir='ltr'><strong>Apameam</strong></span> <span class='ocrx_word' id='word_1_41' title='bbox 1037 665 1164 728; x_wconf 70' lang='lat' dir='ltr'><strong>prognes·</strong></span> 
     </span>
     <span class='ocr_line' id='line_1_6' title="bbox 201 733 1164 812; baseline -0.005 -13"><span class='ocrx_word' id='word_1_42' title='bbox 201 753 266 812; x_wconf 86' lang='lat' dir='ltr'><strong>sos,</strong></span> <span class='ocrx_word' id='word_1_43' title='bbox 281 733 395 812; x_wconf 85' lang='lat' dir='ltr'><strong>etipse</strong></span> <span class='ocrx_word' id='word_1_44' title='bbox 409 742 517 810; x_wconf 88' lang='lat' dir='ltr'><strong>quarta</strong></span> <span class='ocrx_word' id='word_1_45' title='bbox 532 734 637 809; x_wconf 73' lang='lat' dir='ltr'><strong>vigilia</strong></span> <span class='ocrx_word' id='word_1_46' title='bbox 652 747 722 794; x_wconf 84' lang='lat' dir='ltr'><strong>cunr</strong></span> <span class='ocrx_word' id='word_1_47' title='bbox 735 733 866 810; x_wconf 72' lang='lat' dir='ltr'><strong>coniunge</strong></span> <span class='ocrx_word' id='word_1_48' title='bbox 879 749 917 794; x_wconf 90' lang='lat' dir='ltr'><strong>ao</strong></span> <span class='ocrx_word' id='word_1_49' title='bbox 930 733 994 794; x_wconf 84' lang='lat' dir='ltr'><strong>fllia</strong></span> <span class='ocrx_word' id='word_1_50' title='bbox 1009 735 1084 810; x_wconf 85' lang='lat' dir='ltr'><strong>petil</strong></span> <span class='ocrx_word' id='word_1_51' title='bbox 1095 736 1164 809; x_wconf 83' lang='lat' dir='ltr'><strong>Apa-</strong></span> 
     </span>
     <span class='ocr_line' id='line_1_7' title="bbox 200 815 1166 896; baseline -0.003 -15"><span class='ocrx_word' id='word_1_52' title='bbox 200 835 299 881; x_wconf 86' lang='lat' dir='ltr'><strong>meam</strong></span> <span class='ocrx_word' id='word_1_53' title='bbox 308 818 428 880; x_wconf 84' lang='lat' dir='ltr'><strong>Xenoni</strong></span> <span class='ocrx_word' id='word_1_54' title='bbox 441 818 550 880; x_wconf 84' lang='lat' dir='ltr'><strong>tradita</strong></span> <span class='ocrx_word' id='word_1_55' title='bbox 565 817 707 878; x_wconf 69' lang='lat' dir='ltr'><strong>ennodio</strong></span> <span class='ocrx_word' id='word_1_56' title='bbox 718 818 811 892; x_wconf 82' lang='lat' dir='ltr'><strong>tubis,</strong></span> <span class='ocrx_word' id='word_1_57' title='bbox 825 815 952 878; x_wconf 80' lang='lat' dir='ltr'><strong>limone</strong></span> <span class='ocrx_word' id='word_1_58' title='bbox 962 819 1082 896; x_wconf 78' lang='lat' dir='ltr'>Lydiae</span> <span class='ocrx_word' id='word_1_59' title='bbox 1092 833 1166 893; x_wconf 83' lang='lat' dir='ltr'><strong>prae</strong></span> 
     </span>
     <span class='ocr_line' id='line_1_8' title="bbox 200 899 1166 980; baseline 0 -17"><span class='ocrx_word' id='word_1_60' title='bbox 200 903 319 980; x_wconf 67' lang='lat' dir='ltr'><strong>positae</strong></span> <span class='ocrx_word' id='word_1_61' title='bbox 342 902 453 980; x_wconf 85' lang='lat' dir='ltr'><strong>quibua</strong></span> <span class='ocrx_word' id='word_1_62' title='bbox 468 901 581 977; x_wconf 85' lang='lat' dir='ltr'><strong>aprelis</strong></span> <span class='ocrx_word' id='word_1_63' title='bbox 596 915 751 962; x_wconf 88' lang='lat' dir='ltr'><strong>consensu</strong></span> <span class='ocrx_word' id='word_1_64' title='bbox 765 899 992 977; x_wconf 76' lang='lat' dir='ltr'><strong>oppidanorum</strong></span> <span class='ocrx_word' id='word_1_65' title='bbox 1004 909 1036 961; x_wconf 89' lang='lat' dir='ltr'><strong>et</strong></span> <span class='ocrx_word' id='word_1_66' title='bbox 1047 901 1166 974; x_wconf 86' lang='lat' dir='ltr'><strong>militnm,</strong></span> 
     </span>
     <span class='ocr_line' id='line_1_9' title="bbox 201 983 1168 1063; baseline -0.005 -15"><span class='ocrx_word' id='word_1_67' title='bbox 201 987 253 1063; x_wconf 90' lang='lat' dir='ltr'><strong>qni</strong></span> <span class='ocrx_word' id='word_1_68' title='bbox 268 987 297 1046; x_wconf 95' lang='lat' dir='ltr'><strong>in</strong></span> <span class='ocrx_word' id='word_1_69' title='bbox 309 993 486 1060; x_wconf 78' lang='lat' dir='ltr'><strong>enecarent,</strong></span> <span class='ocrx_word' id='word_1_70' title='bbox 502 983 592 1059; x_wconf 81' lang='lat' dir='ltr'><strong>iegati</strong></span> <span class='ocrx_word' id='word_1_71' title='bbox 604 985 644 1044; x_wconf 91' lang='lat' dir='ltr'><strong>ad</strong></span> <span class='ocrx_word' id='word_1_72' title='bbox 654 986 813 1045; x_wconf 86' lang='lat' dir='ltr'><strong>consulem</strong></span> <span class='ocrx_word' id='word_1_73' title='bbox 823 985 1004 1047; x_wconf 83' lang='lat' dir='ltr'><strong>missisunt</strong></span> <span class='ocrx_word' id='word_1_74' title='bbox 1018 983 1107 1046; x_wconf 81' lang='lat' dir='ltr'>XLV.</span> <span class='ocrx_word' id='word_1_75' title='bbox 1121 984 1168 1045; x_wconf 89' lang='lat' dir='ltr'><strong>sub</strong></span> 
     </span>
     <span class='ocr_line' id='line_1_10' title="bbox 199 1067 1170 1144; baseline -0.003 -14"><span class='ocrx_word' id='word_1_76' title='bbox 199 1071 281 1131; x_wconf 92' lang='lat' dir='ltr'><strong>idem</strong></span> <span class='ocrx_word' id='word_1_77' title='bbox 295 1070 361 1130; x_wconf 88' lang='lat' dir='ltr'><strong>iere</strong></span> <span class='ocrx_word' id='word_1_78' title='bbox 373 1077 494 1144; x_wconf 88' lang='lat' dir='ltr'><strong>tempus</strong></span> <span class='ocrx_word' id='word_1_79' title='bbox 506 1075 536 1129; x_wconf 88' lang='lat' dir='ltr'><strong>et</strong></span> <span class='ocrx_word' id='word_1_80' title='bbox 547 1068 587 1127; x_wconf 89' lang='lat' dir='ltr'><strong>ab</strong></span> <span class='ocrx_word' id='word_1_81' title='bbox 596 1068 745 1128; x_wconf 72' lang='lat' dir='ltr'><strong>Trallibus</strong></span> <span class='ocrx_word' id='word_1_82' title='bbox 757 1075 787 1129; x_wconf 89' lang='lat' dir='ltr'><strong>et</strong></span> <span class='ocrx_word' id='word_1_83' title='bbox 798 1083 816 1128; x_wconf 92' lang='lat' dir='ltr'><strong>a</strong></span> <span class='ocrx_word' id='word_1_84' title='bbox 826 1067 986 1144; x_wconf 79' lang='lat' dir='ltr'><strong>Magnesia</strong></span> <span class='ocrx_word' id='word_1_85' title='bbox 998 1083 1079 1144; x_wconf 89' lang='lat' dir='ltr'><strong>quae</strong></span> <span class='ocrx_word' id='word_1_86' title='bbox 1089 1083 1170 1143; x_wconf 88' lang='lat' dir='ltr'><strong>super</strong></span> 
     </span>
     <span class='ocr_line' id='line_1_11' title="bbox 199 1151 1166 1227; baseline -0.004 -12"><span class='ocrx_word' id='word_1_87' title='bbox 199 1153 401 1215; x_wconf 76' lang='lat' dir='ltr'><strong>Maeandrum</strong></span> <span class='ocrx_word' id='word_1_88' title='bbox 420 1160 468 1213; x_wconf 84' lang='lat' dir='ltr'><strong>est</strong></span> <span class='ocrx_word' id='word_1_89' title='bbox 487 1159 518 1212; x_wconf 89' lang='lat' dir='ltr'><strong>et</strong></span> <span class='ocrx_word' id='word_1_90' title='bbox 537 1153 577 1211; x_wconf 88' lang='lat' dir='ltr'><strong>ab</strong></span> <span class='ocrx_word' id='word_1_91' title='bbox 590 1151 714 1227; x_wconf 79' lang='lat' dir='ltr'><strong>Epheso</strong></span> <span class='ocrx_word' id='word_1_92' title='bbox 738 1153 829 1226; x_wconf 70' lang='lat' dir='ltr'><strong>iegati</strong></span> <span class='ocrx_word' id='word_1_93' title='bbox 850 1154 890 1213; x_wconf 87' lang='lat' dir='ltr'><strong>ad</strong></span> <span class='ocrx_word' id='word_1_94' title='bbox 912 1153 1075 1214; x_wconf 82' lang='lat' dir='ltr'><strong>dedendas</strong></span> <span class='ocrx_word' id='word_1_95' title='bbox 1088 1152 1166 1213; x_wconf 86' lang='lat' dir='ltr'><strong>urbes</strong></span> 
     </span>
     <span class='ocr_line' id='line_1_12' title="bbox 199 1235 1166 1313; baseline -0.002 -15"><span class='ocrx_word' id='word_1_96' title='bbox 199 1245 358 1298; x_wconf 88' lang='lat' dir='ltr'><strong>venerunt.</strong></span> <span class='ocrx_word' id='word_1_97' title='bbox 380 1237 544 1313; x_wconf 85' lang='lat' dir='ltr'><strong>reliquerat</strong></span> <span class='ocrx_word' id='word_1_98' title='bbox 557 1235 712 1310; x_wconf 82' lang='lat' dir='ltr'><strong>Ephesum</strong></span> <span class='ocrx_word' id='word_1_99' title='bbox 726 1235 935 1313; x_wconf 78' lang='lat' dir='ltr'><strong>Polyxenidas</strong></span> <span class='ocrx_word' id='word_1_100' title='bbox 949 1237 1057 1298; x_wconf 84' lang='lat' dir='ltr'><strong>audita</strong></span> <span class='ocrx_word' id='word_1_101' title='bbox 1072 1249 1166 1312; x_wconf 77' lang='lat' dir='ltr'><strong>pugne</strong></span> 
     </span>
     <span class='ocr_line' id='line_1_13' title="bbox 200 1319 1167 1399; baseline -0.005 -17"><span class='ocrx_word' id='word_1_102' title='bbox 200 1329 232 1382; x_wconf 88' lang='lat' dir='ltr'><strong>ct</strong></span> <span class='ocrx_word' id='word_1_103' title='bbox 246 1323 338 1382; x_wconf 92' lang='lat' dir='ltr'><strong>classi</strong></span> <span class='ocrx_word' id='word_1_104' title='bbox 353 1337 453 1396; x_wconf 91' lang='lat' dir='ltr'><strong>usque</strong></span> <span class='ocrx_word' id='word_1_105' title='bbox 463 1319 503 1380; x_wconf 89' lang='lat' dir='ltr'><strong>ad</strong></span> <span class='ocrx_word' id='word_1_106' title='bbox 514 1319 622 1380; x_wconf 82' lang='lat' dir='ltr'><strong>Patara</strong></span> <span class='ocrx_word' id='word_1_107' title='bbox 631 1319 746 1399; x_wconf 75' lang='lat' dir='ltr'><strong>Lyciae</strong></span> <span class='ocrx_word' id='word_1_108' title='bbox 761 1327 932 1394; x_wconf 87' lang='lat' dir='ltr'><strong>pervectus,</strong></span> <span class='ocrx_word' id='word_1_109' title='bbox 947 1329 1032 1382; x_wconf 88' lang='lat' dir='ltr'><strong>metu</strong></span> <span class='ocrx_word' id='word_1_110' title='bbox 1044 1320 1167 1380; x_wconf 85' lang='lat' dir='ltr'><strong>stationis</strong></span> 
     </span>
     <span class='ocr_line' id='line_1_14' title="bbox 199 1403 1167 1480; baseline -0.002 -14"><span class='ocrx_word' id='word_1_111' title='bbox 199 1405 389 1466; x_wconf 84' lang='lat' dir='ltr'><strong>Rhodiarum</strong></span> <span class='ocrx_word' id='word_1_112' title='bbox 411 1404 546 1474; x_wconf 87' lang='lat' dir='ltr'><strong>navium,</strong></span> <span class='ocrx_word' id='word_1_113' title='bbox 570 1417 651 1478; x_wconf 89' lang='lat' dir='ltr'><strong>quae</strong></span> <span class='ocrx_word' id='word_1_114' title='bbox 671 1404 710 1463; x_wconf 88' lang='lat' dir='ltr'><strong>ad</strong></span> <span class='ocrx_word' id='word_1_115' title='bbox 726 1403 877 1477; x_wconf 75' lang='lat' dir='ltr'><strong>Megisten</strong></span> <span class='ocrx_word' id='word_1_116' title='bbox 896 1411 998 1480; x_wconf 89' lang='lat' dir='ltr'><strong>erant,</strong></span> <span class='ocrx_word' id='word_1_117' title='bbox 1020 1405 1053 1464; x_wconf 91' lang='lat' dir='ltr'><strong>in</strong></span> <span class='ocrx_word' id='word_1_118' title='bbox 1072 1411 1167 1464; x_wconf 80' lang='lat' dir='ltr'><strong>tonan</strong></span> 
     </span>
     <span class='ocr_line' id='line_1_15' title="bbox 201 1485 1167 1565; baseline -0.005 -17"><span class='ocrx_word' id='word_1_119' title='bbox 201 1503 348 1563; x_wconf 81' lang='lat' dir='ltr'><strong>egressus</strong></span> <span class='ocrx_word' id='word_1_120' title='bbox 364 1501 433 1548; x_wconf 89' lang='lat' dir='ltr'><strong>eum</strong></span> <span class='ocrx_word' id='word_1_121' title='bbox 448 1486 555 1562; x_wconf 89' lang='lat' dir='ltr'><strong>paucis</strong></span> <span class='ocrx_word' id='word_1_122' title='bbox 571 1486 678 1546; x_wconf 87' lang='lat' dir='ltr'><strong>itinere</strong></span> <span class='ocrx_word' id='word_1_123' title='bbox 692 1487 828 1562; x_wconf 76' lang='lat' dir='ltr'><strong>pedestri</strong></span> <span class='ocrx_word' id='word_1_124' title='bbox 844 1485 965 1565; x_wconf 77' lang='lat' dir='ltr'><strong>Syriam</strong></span> <span class='ocrx_word' id='word_1_125' title='bbox 982 1489 1069 1564; x_wconf 85' lang='lat' dir='ltr'><strong>petit.</strong></span> <span class='ocrx_word' id='word_1_126' title='bbox 1089 1487 1167 1546; x_wconf 78' lang='lat' dir='ltr'><strong>Asiae</strong></span> 
     </span>
     <span class='ocr_line' id='line_1_16' title="bbox 201 1568 1165 1648; baseline -0.007 -16"><span class='ocrx_word' id='word_1_127' title='bbox 201 1573 339 1632; x_wconf 85' lang='lat' dir='ltr'><strong>civitates</strong></span> <span class='ocrx_word' id='word_1_128' title='bbox 363 1571 393 1630; x_wconf 94' lang='lat' dir='ltr'><strong>in</strong></span> <span class='ocrx_word' id='word_1_129' title='bbox 415 1570 507 1630; x_wconf 85' lang='lat' dir='ltr'><strong>iidem</strong></span> <span class='ocrx_word' id='word_1_130' title='bbox 529 1572 664 1630; x_wconf 88' lang='lat' dir='ltr'><strong>consulis</strong></span> <span class='ocrx_word' id='word_1_131' title='bbox 690 1571 904 1646; x_wconf 85' lang='lat' dir='ltr'><strong>dicionemque</strong></span> <span class='ocrx_word' id='word_1_132' title='bbox 923 1574 1033 1648; x_wconf 89' lang='lat' dir='ltr'><strong>popuii</strong></span> <span class='ocrx_word' id='word_1_133' title='bbox 1053 1568 1165 1632; x_wconf 80' lang='lat' dir='ltr'><strong>Romani</strong></span> 
     </span>
     <span class='ocr_line' id='line_1_17' title="bbox 201 1652 1168 1728; baseline -0.005 -13"><span class='ocrx_word' id='word_1_134' title='bbox 201 1669 273 1716; x_wconf 86' lang='lat' dir='ltr'><strong>sese</strong></span> <span class='ocrx_word' id='word_1_135' title='bbox 287 1654 457 1714; x_wconf 87' lang='lat' dir='ltr'><strong>tradebant.</strong></span> <span class='ocrx_word' id='word_1_136' title='bbox 480 1652 630 1713; x_wconf 83' lang='lat' dir='ltr'><strong>Sardibus</strong></span> <span class='ocrx_word' id='word_1_137' title='bbox 644 1654 704 1714; x_wconf 83' lang='lat' dir='ltr'><strong>ianr</strong></span> <span class='ocrx_word' id='word_1_138' title='bbox 719 1655 829 1715; x_wconf 90' lang='lat' dir='ltr'><strong>consul</strong></span> <span class='ocrx_word' id='word_1_139' title='bbox 842 1659 916 1714; x_wconf 85' lang='lat' dir='ltr'><strong>crat.</strong></span> <span class='ocrx_word' id='word_1_140' title='bbox 938 1671 978 1718; x_wconf 90' lang='lat' dir='ltr'><strong>eo</strong></span> <span class='ocrx_word' id='word_1_141' title='bbox 990 1663 1023 1718; x_wconf 90' lang='lat' dir='ltr'><strong>et</strong></span> <span class='ocrx_word' id='word_1_142' title='bbox 1032 1655 1065 1715; x_wconf 83' lang='lat' dir='ltr'><strong>P.</strong></span> <span class='ocrx_word' id='word_1_143' title='bbox 1078 1653 1168 1728; x_wconf 84' lang='lat' dir='ltr'><strong>Scipio</strong></span> 
     </span>
    </p>
   </div>
   <div class='ocr_carea' id='block_1_3' title="bbox 200 1737 1216 1898">
    <p class='ocr_par' dir='ltr' id='par_1_3' title="bbox 200 1737 1216 1898">
     <span class='ocr_line' id='line_1_18' title="bbox 200 1737 1216 1814; baseline 0.004 -17"><span class='ocrx_word' id='word_1_144' title='bbox 200 1737 239 1797; x_wconf 89' lang='lat' dir='ltr'><strong>ab</strong></span> <span class='ocrx_word' id='word_1_145' title='bbox 253 1738 354 1811; x_wconf 82' lang='lat' dir='ltr'><strong>Elaea,</strong></span> <span class='ocrx_word' id='word_1_146' title='bbox 370 1751 440 1798; x_wconf 91' lang='lat' dir='ltr'><strong>cum</strong></span> <span class='ocrx_word' id='word_1_147' title='bbox 454 1737 584 1814; x_wconf 91' lang='lat' dir='ltr'><strong>primum</strong></span> <span class='ocrx_word' id='word_1_148' title='bbox 599 1738 662 1812; x_wconf 91' lang='lat' dir='ltr'><strong>pati</strong></span> <span class='ocrx_word' id='word_1_149' title='bbox 676 1737 813 1799; x_wconf 87' lang='lat' dir='ltr'><strong>laborem</strong></span> <span class='ocrx_word' id='word_1_150' title='bbox 827 1739 895 1799; x_wconf 89' lang='lat' dir='ltr'><strong>viae</strong></span> <span class='ocrx_word' id='word_1_151' title='bbox 909 1741 1018 1814; x_wconf 89' lang='lat' dir='ltr'><strong>potuit,</strong></span> <span class='ocrx_word' id='word_1_152' title='bbox 1032 1738 1121 1801; x_wconf 73' lang='lat' dir='ltr'><strong>verb.</strong></span> <span class='ocrx_word' id='word_1_153' title='bbox 1215 1757 1216 1784; x_wconf 64' lang='lat'>1</span> 
     </span>
     <span class='ocr_line' id='line_1_19' title="bbox 284 1803 1216 1898; baseline -0.005 -15"><span class='ocrx_word' id='word_1_154' title='bbox 284 1821 348 1883; x_wconf 83' lang='lat' dir='ltr'><strong>Sub</strong></span> <span class='ocrx_word' id='word_1_155' title='bbox 369 1821 451 1882; x_wconf 90' lang='lat' dir='ltr'><strong>idem</strong></span> <span class='ocrx_word' id='word_1_156' title='bbox 472 1822 537 1882; x_wconf 87' lang='lat' dir='ltr'><strong>lere</strong></span> <span class='ocrx_word' id='word_1_157' title='bbox 557 1828 680 1898; x_wconf 90' lang='lat' dir='ltr'><strong>tempus</strong></span> <span class='ocrx_word' id='word_1_158' title='bbox 701 1822 888 1884; x_wconf 83' lang='lat' dir='ltr'><strong>caduceator</strong></span> <span class='ocrx_word' id='word_1_159' title='bbox 905 1821 944 1883; x_wconf 92' lang='lat' dir='ltr'><strong>ab</strong></span> <span class='ocrx_word' id='word_1_160' title='bbox 957 1823 1110 1886; x_wconf 77' lang='lat' dir='ltr'><strong>Antiocho</strong></span> <span class='ocrx_word' id='word_1_161' title='bbox 1123 1831 1168 1896; x_wconf 82' lang='lat' dir='ltr'><strong>por</strong></span> <span class='ocrx_word' id='word_1_162' title='bbox 1215 1803 1216 1838; x_wconf 62' lang='lat'>¹</span> 
     </span>
    </p>
   </div>
   <div class='ocr_carea' id='block_1_4' title="bbox 199 1905 1167 2318">
    <p class='ocr_par' dir='ltr' id='par_1_4' title="bbox 199 1905 1167 2318">
     <span class='ocr_line' id='line_1_20' title="bbox 199 1905 1166 1983; baseline -0.007 -17"><span class='ocrx_word' id='word_1_163' title='bbox 199 1906 232 1966; x_wconf 88' lang='lat' dir='ltr'><strong>P.</strong></span> <span class='ocrx_word' id='word_1_164' title='bbox 248 1905 424 1983; x_wconf 80' lang='lat' dir='ltr'><strong>Scipionem</strong></span> <span class='ocrx_word' id='word_1_165' title='bbox 444 1922 463 1966; x_wconf 91' lang='lat' dir='ltr'><strong>e</strong></span> <span class='ocrx_word' id='word_1_166' title='bbox 478 1908 607 1967; x_wconf 87' lang='lat' dir='ltr'><strong>consule</strong></span> <span class='ocrx_word' id='word_1_167' title='bbox 628 1905 703 1982; x_wconf 82' lang='lat' dir='ltr'><strong>petit</strong></span> <span class='ocrx_word' id='word_1_168' title='bbox 721 1905 969 1982; x_wconf 85' lang='lat' dir='ltr'><strong>impetravitque,</strong></span> <span class='ocrx_word' id='word_1_169' title='bbox 988 1915 1026 1968; x_wconf 95' lang='lat' dir='ltr'><strong>ut</strong></span> <span class='ocrx_word' id='word_1_170' title='bbox 1044 1913 1166 1968; x_wconf 85' lang='lat' dir='ltr'><strong>oratores</strong></span> 
     </span>
     <span class='ocr_line' id='line_1_21' title="bbox 199 1989 1165 2068; baseline -0.005 -16"><span class='ocrx_word' id='word_1_171' title='bbox 199 1990 316 2052; x_wconf 85' lang='lat' dir='ltr'><strong>mittere</strong></span> <span class='ocrx_word' id='word_1_172' title='bbox 337 1991 442 2052; x_wconf 88' lang='lat' dir='ltr'><strong>liceret</strong></span> <span class='ocrx_word' id='word_1_173' title='bbox 462 1991 536 2066; x_wconf 81' lang='lat' dir='ltr'><strong>regi.</strong></span> <span class='ocrx_word' id='word_1_174' title='bbox 571 2005 689 2066; x_wconf 88' lang='lat' dir='ltr'><strong>paucos</strong></span> <span class='ocrx_word' id='word_1_175' title='bbox 706 1997 776 2066; x_wconf 89' lang='lat' dir='ltr'><strong>post</strong></span> <span class='ocrx_word' id='word_1_176' title='bbox 792 1989 860 2051; x_wconf 89' lang='lat' dir='ltr'><strong>dies</strong></span> <span class='ocrx_word' id='word_1_177' title='bbox 874 1991 1002 2066; x_wconf 67' lang='lat' dir='ltr'><strong>Zeums,</strong></span> <span class='ocrx_word' id='word_1_178' title='bbox 1028 1991 1080 2068; x_wconf 89' lang='lat' dir='ltr'><strong>qui</strong></span> <span class='ocrx_word' id='word_1_179' title='bbox 1093 2001 1165 2065; x_wconf 86' lang='lat' dir='ltr'><strong>prac-</strong></span> 
     </span>
     <span class='ocr_line' id='line_1_22' title="bbox 201 2074 1165 2153; baseline -0.006 -18"><span class='ocrx_word' id='word_1_180' title='bbox 201 2077 299 2136; x_wconf 84' lang='lat' dir='ltr'><strong>ieetus</strong></span> <span class='ocrx_word' id='word_1_181' title='bbox 315 2076 429 2153; x_wconf 82' lang='lat' dir='ltr'><strong>Lydiae</strong></span> <span class='ocrx_word' id='word_1_182' title='bbox 450 2076 563 2147; x_wconf 77' lang='lat' dir='ltr'><strong>iuerat,</strong></span> <span class='ocrx_word' id='word_1_183' title='bbox 586 2079 616 2134; x_wconf 90' lang='lat' dir='ltr'><strong>et</strong></span> <span class='ocrx_word' id='word_1_184' title='bbox 629 2074 790 2149; x_wconf 79' lang='lat' dir='ltr'><strong>Antipater</strong></span> <span class='ocrx_word' id='word_1_185' title='bbox 808 2074 910 2135; x_wconf 74' lang='lat' dir='ltr'><strong>nauis</strong></span> <span class='ocrx_word' id='word_1_186' title='bbox 924 2074 1006 2136; x_wconf 79' lang='lat' dir='ltr'><strong>fliius</strong></span> <span class='ocrx_word' id='word_1_187' title='bbox 1022 2075 1165 2136; x_wconf 67' lang='lat' dir='ltr'><strong>veneunt</strong></span> 
     </span>
     <span class='ocr_line' id='line_1_23' title="bbox 200 2155 1166 2233; baseline -0.007 -15"><span class='ocrx_word' id='word_1_188' title='bbox 200 2159 286 2233; x_wconf 89' lang='lat' dir='ltr'><strong>prius</strong></span> <span class='ocrx_word' id='word_1_189' title='bbox 299 2159 436 2218; x_wconf 82' lang='lat' dir='ltr'><strong>Eumene</strong></span> <span class='ocrx_word' id='word_1_190' title='bbox 456 2163 623 2229; x_wconf 83' lang='lat' dir='ltr'><strong>convento,</strong></span> <span class='ocrx_word' id='word_1_191' title='bbox 647 2171 736 2233; x_wconf 65' lang='lat' dir='ltr'><strong>wem</strong></span> <span class='ocrx_word' id='word_1_192' title='bbox 759 2163 886 2232; x_wconf 90' lang='lat' dir='ltr'><strong>propter</strong></span> <span class='ocrx_word' id='word_1_193' title='bbox 898 2163 1003 2218; x_wconf 86' lang='lat' dir='ltr'><strong>vetera</strong></span> <span class='ocrx_word' id='word_1_194' title='bbox 1016 2155 1166 2220; x_wconf 65' lang='lat' dir='ltr'><strong>mantne</strong></span> 
     </span>
     <span class='ocr_line' id='line_1_24' title="bbox 200 2240 1167 2318; baseline -0.001 -18"><span class='ocrx_word' id='word_1_195' title='bbox 200 2255 341 2300; x_wconf 87' lang='lat' dir='ltr'><strong>aversum</strong></span> <span class='ocrx_word' id='word_1_196' title='bbox 355 2241 486 2302; x_wconf 88' lang='lat' dir='ltr'><strong>rnaxime</strong></span> <span class='ocrx_word' id='word_1_197' title='bbox 501 2255 520 2300; x_wconf 88' lang='lat' dir='ltr'><strong>e</strong></span> <span class='ocrx_word' id='word_1_198' title='bbox 535 2255 612 2314; x_wconf 86' lang='lat' dir='ltr'><strong>pace</strong></span> <span class='ocrx_word' id='word_1_199' title='bbox 625 2240 792 2302; x_wconf 88' lang='lat' dir='ltr'><strong>credebant</strong></span> <span class='ocrx_word' id='word_1_200' title='bbox 806 2257 894 2316; x_wconf 87' lang='lat' dir='ltr'><strong>esse,</strong></span> <span class='ocrx_word' id='word_1_201' title='bbox 915 2247 946 2302; x_wconf 90' lang='lat' dir='ltr'><strong>et</strong></span> <span class='ocrx_word' id='word_1_202' title='bbox 960 2243 1125 2318; x_wconf 82' lang='lat' dir='ltr'><strong>placatiore</strong></span> <span class='ocrx_word' id='word_1_203' title='bbox 1136 2249 1167 2294; x_wconf 84' lang='lat' dir='ltr'><strong>eo</strong></span> 
     </span>
    </p>
   </div>
   <div class='ocr_carea' id='block_1_5' title="bbox 199 2323 1215 2408">
    <p class='ocr_par' dir='ltr' id='par_1_5' title="bbox 199 2323 1215 2408">
     <span class='ocr_line' id='line_1_25' title="bbox 199 2323 1215 2408; baseline -0.003 -25"><span class='ocrx_word' id='word_1_204' title='bbox 199 2329 230 2383; x_wconf 88' lang='lat' dir='ltr'><strong>et</strong></span> <span class='ocrx_word' id='word_1_205' title='bbox 244 2339 301 2384; x_wconf 88' lang='lat' dir='ltr'><strong>sua</strong></span> <span class='ocrx_word' id='word_1_206' title='bbox 315 2329 345 2384; x_wconf 90' lang='lat' dir='ltr'><strong>et</strong></span> <span class='ocrx_word' id='word_1_207' title='bbox 358 2323 442 2399; x_wconf 81' lang='lat' dir='ltr'><strong>regis</strong></span> <span class='ocrx_word' id='word_1_208' title='bbox 456 2339 515 2398; x_wconf 89' lang='lat' dir='ltr'><strong>spe</strong></span> <span class='ocrx_word' id='word_1_209' title='bbox 530 2324 664 2399; x_wconf 81' lang='lat' dir='ltr'><strong>invento,</strong></span> <span class='ocrx_word' id='word_1_210' title='bbox 679 2331 741 2385; x_wconf 90' lang='lat' dir='ltr'><strong>tum</strong></span> <span class='ocrx_word' id='word_1_211' title='bbox 755 2324 788 2384; x_wconf 86' lang='lat' dir='ltr'><strong>P.</strong></span> <span class='ocrx_word' id='word_1_212' title='bbox 803 2324 977 2401; x_wconf 86' lang='lat' dir='ltr'><strong>Scipionem</strong></span> <span class='ocrx_word' id='word_1_213' title='bbox 993 2333 1025 2387; x_wconf 91' lang='lat' dir='ltr'><strong>et</strong></span> <span class='ocrx_word' id='word_1_214' title='bbox 1040 2333 1165 2403; x_wconf 88' lang='lat' dir='ltr'><strong>perenn</strong></span> <span class='ocrx_word' id='word_1_215' title='bbox 1214 2325 1215 2408; x_wconf 38' lang='lat' dir='ltr'><strong><em>g</em></strong></span> 
     </span>
    </p>
   </div>
   <div class='ocr_carea' id='block_1_6' title="bbox 198 2399 1166 2985">
    <p class='ocr_par' dir='ltr' id='par_1_6' title="bbox 198 2399 1166 2985">
     <span class='ocr_line' id='line_1_26' title="bbox 200 2399 1166 2486; baseline -0.002 -20"><span class='ocrx_word' id='word_1_216' title='bbox 200 2408 358 2469; x_wconf 87' lang='lat' dir='ltr'><strong>consulem</strong></span> <span class='ocrx_word' id='word_1_217' title='bbox 378 2407 534 2479; x_wconf 64' lang='lat' dir='ltr'><strong>odiernum</strong></span> <span class='ocrx_word' id='word_1_218' title='bbox 557 2409 759 2486; x_wconf 86' lang='lat' dir='ltr'><strong>praebitoque</strong></span> <span class='ocrx_word' id='word_1_219' title='bbox 775 2409 813 2470; x_wconf 93' lang='lat' dir='ltr'><strong>iis</strong></span> <span class='ocrx_word' id='word_1_220' title='bbox 834 2409 1008 2486; x_wconf 87' lang='lat' dir='ltr'><strong>petentibus</strong></span> <span class='ocrx_word' id='word_1_221' title='bbox 1030 2399 1166 2484; x_wconf 76' lang='lat' dir='ltr'><strong>frequenti</strong></span> 
     </span>
     <span class='ocr_line' id='line_1_27' title="bbox 201 2491 1165 2570; baseline -0.003 -19"><span class='ocrx_word' id='word_1_222' title='bbox 201 2491 329 2554; x_wconf 80' lang='lat' dir='ltr'><strong>consilo</strong></span> <span class='ocrx_word' id='word_1_223' title='bbox 344 2492 384 2553; x_wconf 89' lang='lat' dir='ltr'><strong>od</strong></span> <span class='ocrx_word' id='word_1_224' title='bbox 398 2493 541 2554; x_wconf 84' lang='lat' dir='ltr'><strong>mandato</strong></span> <span class='ocrx_word' id='word_1_225' title='bbox 556 2493 684 2565; x_wconf 86' lang='lat' dir='ltr'><strong>edenda,</strong></span> <span class='ocrx_word' id='word_1_226' title='bbox 703 2507 785 2567; x_wconf 84' lang='lat' dir='ltr'><strong>„non</strong></span> <span class='ocrx_word' id='word_1_227' title='bbox 798 2500 861 2554; x_wconf 80' lang='lat' dir='ltr'><strong>tenu</strong></span> <span class='ocrx_word' id='word_1_228' title='bbox 876 2494 950 2570; x_wconf 90' lang='lat' dir='ltr'><strong>quid</strong></span> <span class='ocrx_word' id='word_1_229' title='bbox 964 2495 1026 2570; x_wconf 85' lang='lat' dir='ltr'><strong>ipsi</strong></span> <span class='ocrx_word' id='word_1_230' title='bbox 1042 2494 1165 2555; x_wconf 82' lang='lat' dir='ltr'><strong>dicamus</strong></span> 
     </span>
     <span class='ocr_line' id='line_1_28' title="bbox 198 2577 1165 2654; baseline -0.007 -18"><span class='ocrx_word' id='word_1_231' title='bbox 198 2577 368 2638; x_wconf 86' lang='lat' dir='ltr'><strong>habemus“</strong></span> <span class='ocrx_word' id='word_1_232' title='bbox 392 2577 491 2654; x_wconf 89' lang='lat' dir='ltr'><strong>inquit</strong></span> <span class='ocrx_word' id='word_1_233' title='bbox 504 2577 631 2650; x_wconf 85' lang='lat' dir='ltr'><strong>Zeuxis,</strong></span> <span class='ocrx_word' id='word_1_234' title='bbox 659 2593 771 2653; x_wconf 87' lang='lat' dir='ltr'><strong>„quam</strong></span> <span class='ocrx_word' id='word_1_235' title='bbox 792 2583 826 2639; x_wconf 90' lang='lat' dir='ltr'><strong>ut</strong></span> <span class='ocrx_word' id='word_1_236' title='bbox 840 2591 859 2636; x_wconf 88' lang='lat' dir='ltr'><strong>a</strong></span> <span class='ocrx_word' id='word_1_237' title='bbox 872 2579 963 2639; x_wconf 84' lang='lat' dir='ltr'><strong>vobis</strong></span> <span class='ocrx_word' id='word_1_238' title='bbox 984 2583 1165 2654; x_wconf 83' lang='lat' dir='ltr'><strong>quaeramus,</strong></span> 
     </span>
     <span class='ocr_line' id='line_1_29' title="bbox 198 2659 1165 2739; baseline -0.006 -18"><span class='ocrx_word' id='word_1_239' title='bbox 198 2659 343 2736; x_wconf 85' lang='lat' dir='ltr'><strong>Romani,</strong></span> <span class='ocrx_word' id='word_1_240' title='bbox 365 2677 427 2736; x_wconf 93' lang='lat' dir='ltr'><strong>quo</strong></span> <span class='ocrx_word' id='word_1_241' title='bbox 447 2661 569 2737; x_wconf 89' lang='lat' dir='ltr'><strong>piaculo</strong></span> <span class='ocrx_word' id='word_1_242' title='bbox 590 2660 718 2736; x_wconf 85' lang='lat' dir='ltr'><strong>expiare</strong></span> <span class='ocrx_word' id='word_1_243' title='bbox 732 2675 867 2722; x_wconf 91' lang='lat' dir='ltr'><strong>errorem</strong></span> <span class='ocrx_word' id='word_1_244' title='bbox 881 2663 979 2738; x_wconf 76' lang='lat' dir='ltr'><strong>regis,</strong></span> <span class='ocrx_word' id='word_1_245' title='bbox 1004 2669 1165 2739; x_wconf 76' lang='lat' dir='ltr'><strong>pacemne</strong></span> 
     </span>
     <span class='ocr_line' id='line_1_30' title="bbox 198 2744 1164 2821; baseline -0.004 -17"><span class='ocrx_word' id='word_1_246' title='bbox 198 2747 342 2820; x_wconf 88' lang='lat' dir='ltr'><strong>uiamque</strong></span> <span class='ocrx_word' id='word_1_247' title='bbox 362 2745 557 2820; x_wconf 75' lang='lat' dir='ltr'><strong>impetrares</strong></span> <span class='ocrx_word' id='word_1_248' title='bbox 572 2744 738 2806; x_wconf 86' lang='lat' dir='ltr'><strong>victoribus</strong></span> <span class='ocrx_word' id='word_1_249' title='bbox 754 2745 920 2821; x_wconf 89' lang='lat' dir='ltr'><strong>possimus.</strong></span> <span class='ocrx_word' id='word_1_250' title='bbox 953 2747 1085 2808; x_wconf 88' lang='lat' dir='ltr'><strong>maximo</strong></span> <span class='ocrx_word' id='word_1_251' title='bbox 1098 2751 1164 2803; x_wconf 87' lang='lat' dir='ltr'><strong>seu·</strong></span> 
     </span>
     <span class='ocr_line' id='line_1_31' title="bbox 198 2826 1165 2906; baseline -0.005 -20"><span class='ocrx_word' id='word_1_252' title='bbox 198 2843 256 2902; x_wconf 90' lang='lat' dir='ltr'><strong>per</strong></span> <span class='ocrx_word' id='word_1_253' title='bbox 275 2827 377 2887; x_wconf 87' lang='lat' dir='ltr'><strong>animo</strong></span> <span class='ocrx_word' id='word_1_254' title='bbox 397 2826 486 2886; x_wconf 85' lang='lat' dir='ltr'><strong>victis</strong></span> <span class='ocrx_word' id='word_1_255' title='bbox 507 2827 634 2902; x_wconf 73' lang='lat' dir='ltr'><strong>regibus</strong></span> <span class='ocrx_word' id='word_1_256' title='bbox 656 2829 842 2906; x_wconf 90' lang='lat' dir='ltr'><strong>populisque</strong></span> <span class='ocrx_word' id='word_1_257' title='bbox 861 2827 1033 2904; x_wconf 76' lang='lat' dir='ltr'><strong>ignovistis.</strong></span> <span class='ocrx_word' id='word_1_258' title='bbox 1066 2827 1165 2904; x_wconf 84' lang='lat' dir='ltr'><strong>quanto</strong></span> 
     </span>
     <span class='ocr_line' id='line_1_32' title="bbox 198 2904 1162 2985; baseline 0.002 -17"><span class='ocrx_word' id='word_1_259' title='bbox 198 2910 230 2970; x_wconf 93' lang='lat' dir='ltr'><strong>id</strong></span> <span class='ocrx_word' id='word_1_260' title='bbox 249 2909 366 2970; x_wconf 90' lang='lat' dir='ltr'><strong>maiore</strong></span> <span class='ocrx_word' id='word_1_261' title='bbox 386 2915 417 2969; x_wconf 88' lang='lat' dir='ltr'><strong>et</strong></span> <span class='ocrx_word' id='word_1_262' title='bbox 430 2909 598 2985; x_wconf 86' lang='lat' dir='ltr'><strong>placatiore</strong></span> <span class='ocrx_word' id='word_1_263' title='bbox 611 2912 712 2973; x_wconf 88' lang='lat' dir='ltr'><strong>animo</strong></span> <span class='ocrx_word' id='word_1_264' title='bbox 726 2913 816 2974; x_wconf 88' lang='lat' dir='ltr'><strong>decet</strong></span> <span class='ocrx_word' id='word_1_265' title='bbox 828 2929 886 2974; x_wconf 84' lang='lat' dir='ltr'><strong>vos</strong></span> <span class='ocrx_word' id='word_1_266' title='bbox 901 2913 1004 2974; x_wconf 85' lang='lat' dir='ltr'><strong>iacere</strong></span> <span class='ocrx_word' id='word_1_267' title='bbox 1017 2913 1049 2973; x_wconf 95' lang='lat' dir='ltr'><strong>in</strong></span> <span class='ocrx_word' id='word_1_268' title='bbox 1061 2913 1115 2972; x_wconf 83' lang='lat' dir='ltr'><strong>itae</strong></span> <span class='ocrx_word' id='word_1_269' title='bbox 1127 2904 1162 2962; x_wconf 82' lang='lat' dir='ltr'><strong>vi·</strong></span> 
     </span>
    </p>
   </div>
   <div class='ocr_carea' id='block_1_7' title="bbox 198 2987 1214 3072">
    <p class='ocr_par' dir='ltr' id='par_1_7' title="bbox 198 2987 1214 3072">
     <span class='ocr_line' id='line_1_33' title="bbox 198 2987 1214 3072; baseline -0.009 -18"><span class='ocrx_word' id='word_1_270' title='bbox 198 2994 308 3066; x_wconf 84' lang='lat' dir='ltr'><strong>cloria,</strong></span> <span class='ocrx_word' id='word_1_271' title='bbox 336 3007 416 3068; x_wconf 88' lang='lat' dir='ltr'><strong>quae</strong></span> <span class='ocrx_word' id='word_1_272' title='bbox 439 3007 497 3054; x_wconf 87' lang='lat' dir='ltr'><strong>vos</strong></span> <span class='ocrx_word' id='word_1_273' title='bbox 517 2993 660 3057; x_wconf 85' lang='lat' dir='ltr'><strong>dominos</strong></span> <span class='ocrx_word' id='word_1_274' title='bbox 679 2997 763 3058; x_wconf 87' lang='lat' dir='ltr'><strong>orbis</strong></span> <span class='ocrx_word' id='word_1_275' title='bbox 784 3002 932 3058; x_wconf 82' lang='lat' dir='ltr'><strong>terrermn</strong></span> <span class='ocrx_word' id='word_1_276' title='bbox 952 2997 1046 3057; x_wconf 77' lang='lat' dir='ltr'><strong>iecitt</strong></span> <span class='ocrx_word' id='word_1_277' title='bbox 1070 2987 1165 3072; x_wconf 86' lang='lat' dir='ltr'><strong>positis</strong></span> <span class='ocrx_word' id='word_1_278' title='bbox 1213 3023 1214 3066; x_wconf 63' lang='lat'><em>3</em></span> 
     </span>
    </p>
   </div>
   <div class='ocr_carea' id='block_1_8' title="bbox 197 3069 1214 3152">
    <p class='ocr_par' dir='ltr' id='par_1_8' title="bbox 197 3069 1214 3152">
     <span class='ocr_line' id='line_1_34' title="bbox 197 3069 1214 3152; baseline -0.004 -14"><span class='ocrx_word' id='word_1_279' title='bbox 197 3079 255 3140; x_wconf 91' lang='lat' dir='ltr'><strong>iam</strong></span> <span class='ocrx_word' id='word_1_280' title='bbox 278 3077 428 3139; x_wconf 79' lang='lat' dir='ltr'><strong>adversus</strong></span> <span class='ocrx_word' id='word_1_281' title='bbox 450 3093 557 3140; x_wconf 91' lang='lat' dir='ltr'><strong>omnes</strong></span> <span class='ocrx_word' id='word_1_282' title='bbox 572 3081 717 3142; x_wconf 89' lang='lat' dir='ltr'><strong>mortales</strong></span> <span class='ocrx_word' id='word_1_283' title='bbox 732 3079 965 3152; x_wconf 85' lang='lat' dir='ltr'><strong>certaminibus,</strong></span> <span class='ocrx_word' id='word_1_284' title='bbox 987 3080 1070 3141; x_wconf 85' lang='lat' dir='ltr'><strong>haud</strong></span> <span class='ocrx_word' id='word_1_285' title='bbox 1083 3083 1161 3139; x_wconf 78' lang='lat' dir='ltr'><strong>secut</strong></span> <span class='ocrx_word' id='word_1_286' title='bbox 1213 3069 1214 3122; x_wconf 83' lang='lat' dir='ltr'><strong>t</strong></span> 
     </span>
    </p>
   </div>
   <div class='ocr_carea' id='block_1_9' title="bbox 198 3163 1162 3242">
    <p class='ocr_par' dir='ltr' id='par_1_9' title="bbox 198 3163 1162 3242">
     <span class='ocr_line' id='line_1_35' title="bbox 198 3163 1162 3242; baseline -0.007 -18"><span class='ocrx_word' id='word_1_287' title='bbox 198 3179 290 3239; x_wconf 82' lang='lat' dir='ltr'><strong>quarn</strong></span> <span class='ocrx_word' id='word_1_288' title='bbox 304 3163 381 3224; x_wconf 88' lang='lat' dir='ltr'><strong>deos</strong></span> <span class='ocrx_word' id='word_1_289' title='bbox 397 3165 602 3224; x_wconf 75' lang='lat' dir='ltr'><strong>consummet</strong></span> <span class='ocrx_word' id='word_1_290' title='bbox 616 3177 815 3240; x_wconf 84' lang='lat' dir='ltr'><strong>parcerevos</strong></span> <span class='ocrx_word' id='word_1_291' title='bbox 825 3163 930 3242; x_wconf 82' lang='lat' dir='ltr'><strong>generi</strong></span> <span class='ocrx_word' id='word_1_292' title='bbox 940 3165 1074 3226; x_wconf 85' lang='lat' dir='ltr'><strong>bmnano</strong></span> <span class='ocrx_word' id='word_1_293' title='bbox 1085 3169 1162 3236; x_wconf 89' lang='lat' dir='ltr'><strong>epor-</strong></span> 
     </span>
    </p>
   </div>
   <div class='ocr_carea' id='block_1_10' title="bbox 197 3235 1163 3576">
    <p class='ocr_par' dir='ltr' id='par_1_10' title="bbox 197 3235 1163 3576">
     <span class='ocr_line' id='line_1_36' title="bbox 197 3235 1163 3324; baseline 0 -16"><span class='ocrx_word' id='word_1_294' title='bbox 197 3251 268 3308; x_wconf 87' lang='lat' dir='ltr'><strong>tet.“</strong></span> <span class='ocrx_word' id='word_1_295' title='bbox 289 3243 350 3308; x_wconf 86' lang='lat' dir='ltr'><strong>iam</strong></span> <span class='ocrx_word' id='word_1_296' title='bbox 371 3253 534 3324; x_wconf 86' lang='lat' dir='ltr'><strong>antequam</strong></span> <span class='ocrx_word' id='word_1_297' title='bbox 552 3247 643 3324; x_wconf 76' lang='lat' dir='ltr'><strong>legati</strong></span> <span class='ocrx_word' id='word_1_298' title='bbox 658 3249 810 3323; x_wconf 82' lang='lat' dir='ltr'><strong>venirent,</strong></span> <span class='ocrx_word' id='word_1_299' title='bbox 832 3249 989 3311; x_wconf 89' lang='lat' dir='ltr'><strong>decretum</strong></span> <span class='ocrx_word' id='word_1_300' title='bbox 1004 3256 1083 3322; x_wconf 86' lang='lat' dir='ltr'><strong>emt,</strong></span> <span class='ocrx_word' id='word_1_301' title='bbox 1103 3235 1163 3320; x_wconf 81' lang='lat' dir='ltr'><strong>quid</strong></span> 
     </span>
     <span class='ocr_line' id='line_1_37' title="bbox 197 3328 1161 3408; baseline -0.003 -19"><span class='ocrx_word' id='word_1_302' title='bbox 197 3331 446 3405; x_wconf 86' lang='lat' dir='ltr'><strong>responderetur.</strong></span> <span class='ocrx_word' id='word_1_303' title='bbox 467 3331 663 3408; x_wconf 88' lang='lat' dir='ltr'><strong>respondere</strong></span> <span class='ocrx_word' id='word_1_304' title='bbox 674 3331 850 3394; x_wconf 81' lang='lat' dir='ltr'><strong>Aiiieanum</strong></span> <span class='ocrx_word' id='word_1_305' title='bbox 864 3333 988 3408; x_wconf 79' lang='lat' dir='ltr'><strong>placuit.</strong></span> <span class='ocrx_word' id='word_1_306' title='bbox 1009 3332 1081 3394; x_wconf 87' lang='lat' dir='ltr'><strong>isin</strong></span> <span class='ocrx_word' id='word_1_307' title='bbox 1094 3328 1161 3388; x_wconf 81' lang='lat' dir='ltr'><strong>hunc</strong></span> 
     </span>
     <span class='ocr_line' id='line_1_38' title="bbox 198 3409 1151 3493; baseline 0.003 -22"><span class='ocrx_word' id='word_1_308' title='bbox 198 3413 322 3473; x_wconf 89' lang='lat' dir='ltr'><strong>modum</strong></span> <span class='ocrx_word' id='word_1_309' title='bbox 336 3415 458 3476; x_wconf 88' lang='lat' dir='ltr'><strong>loeutus</strong></span> <span class='ocrx_word' id='word_1_310' title='bbox 473 3415 577 3476; x_wconf 83' lang='lat' dir='ltr'><strong>lenur.</strong></span> <span class='ocrx_word' id='word_1_311' title='bbox 606 3415 755 3489; x_wconf 83' lang='lat' dir='ltr'><strong>„Rotnani</strong></span> <span class='ocrx_word' id='word_1_312' title='bbox 770 3431 809 3476; x_wconf 83' lang='lat' dir='ltr'><strong>ex</strong></span> <span class='ocrx_word' id='word_1_313' title='bbox 824 3415 862 3477; x_wconf 91' lang='lat' dir='ltr'><strong>iis</strong></span> <span class='ocrx_word' id='word_1_314' title='bbox 879 3429 960 3493; x_wconf 86' lang='lat' dir='ltr'><strong>quae</strong></span> <span class='ocrx_word' id='word_1_315' title='bbox 973 3415 1006 3476; x_wconf 81' lang='lat' dir='ltr'><strong>in</strong></span> <span class='ocrx_word' id='word_1_316' title='bbox 1020 3415 1107 3477; x_wconf 89' lang='lat' dir='ltr'><strong>deum</strong></span> <span class='ocrx_word' id='word_1_317' title='bbox 1118 3409 1151 3468; x_wconf 79' lang='lat' dir='ltr'><strong>&#39;m</strong></span> 
     </span>
     <span class='ocr_line' id='line_1_39' title="bbox 197 3493 1160 3576; baseline 0.005 -25"><span class='ocrx_word' id='word_1_318' title='bbox 197 3497 367 3555; x_wconf 88' lang='lat' dir='ltr'><strong>mortalium</strong></span> <span class='ocrx_word' id='word_1_319' title='bbox 382 3503 534 3572; x_wconf 86' lang='lat' dir='ltr'><strong>potestate</strong></span> <span class='ocrx_word' id='word_1_320' title='bbox 549 3505 644 3570; x_wconf 88' lang='lat' dir='ltr'><strong>erent,</strong></span> <span class='ocrx_word' id='word_1_321' title='bbox 659 3498 855 3560; x_wconf 79' lang='lat' dir='ltr'><strong>canebamus</strong></span> <span class='ocrx_word' id='word_1_322' title='bbox 868 3513 949 3576; x_wconf 89' lang='lat' dir='ltr'><strong>qnae</strong></span> <span class='ocrx_word' id='word_1_323' title='bbox 960 3500 1002 3560; x_wconf 92' lang='lat' dir='ltr'><strong>dii</strong></span> <span class='ocrx_word' id='word_1_324' title='bbox 1014 3493 1160 3562; x_wconf 69' lang='lat' dir='ltr'><strong>dederunt</strong></span> 
     </span>
    </p>
   </div>
   <div class='ocr_carea' id='block_1_11' title="bbox 0 0 1258 3898">
    <p class='ocr_par' dir='ltr' id='par_1_11' title="bbox 0 0 1258 3898">
     <span class='ocr_line' id='line_1_40' title="bbox 0 0 1258 3898; baseline 0 1"><span class='ocrx_word' id='word_1_325' title='bbox 0 0 1258 3898; x_wconf 95' lang='lat' dir='ltr'><strong> </strong></span> 
     </span>
    </p>
   </div>
  </div>
 </body>
</html>
