2506 3898
229 197 523 279 Ll'eaarmxvm.
548 221 632 284 aar.
648 229 712 283 sn
736 228 892 295 [aaron
988 225 1050 290 aaa

76 373 153 432 velut
178 370 288 446 proditi
316 371 354 430 ab
378 371 443 432 suis
465 369 625 446 segniores
647 371 687 432 ad
707 372 844 447 pericula
865 382 959 434 erant.
993 377 1053 438 iam

76 471 162 516 nemo
178 453 399 530 eruptionibus,
413 461 448 530 ut
461 461 539 529 ante,
555 455 586 516 in
602 455 750 516 stationes
762 455 906 531 hostium,
922 459 978 519 sed
991 459 1053 520 dis·

76 538 163 615 positi
178 553 234 614 per
247 553 352 599 muros
368 545 400 598 et
412 545 512 599 turres
527 554 566 598 ex
581 545 645 600 tuto
660 540 849 614 pugnabant.

154 622 219 682 Vll.
242 621 375 684 Perseus
388 621 442 682 ubi
455 622 569 684 adesse
581 624 711 684 Aetolos
726 623 852 699 audivit,
868 627 985 688 omissa
999 629 1053 688 ob-

77 707 194 768 sidione
219 706 320 781 urbis,
348 721 439 782 quam
464 707 678 782 oppugnabat,
705 708 911 783 depopulatus
932 717 1052 774 ‚tantum

73 807 162 866 agros
179 789 397 866 Amphilochia
417 791 553 852 excessit
572 799 665 867 atque
685 792 715 852 in
730 791 944 854 Macedoniam
963 794 1053 856 redit.

73 885 101 936 et
113 877 241 936 Aetolos
256 875 328 934 inde
342 875 483 935 avocavit
496 876 655 952 populatio
669 876 838 936 maritimae
853 893 935 937 orae.
964 877 1052 939 Pleu-

72 969 152 1021 ratus
166 959 340 1038 lllyriorum
360 975 416 1018 rex
431 973 500 1019 cum
515 959 676 1034 sexaginta
689 959 798 1020 lembis
814 959 998 1022 Corinthium
1012 964 1052 1024 si-

73 1061 140 1105 num
154 1044 296 1104 invectus
317 1043 468 1103 adiunctis
482 1042 676 1105 Achaeorum
693 1058 773 1118 quae
787 1042 884 1104 Patris
900 1053 987 1106 erant
1000 1061 1053 1106 na-

74 1129 158 1189 vibus
184 1127 336 1188 maritima
355 1127 494 1187 Aetoliae
518 1127 667 1188 vastabat.
700 1127 851 1188 adversus
873 1143 951 1203 quos
973 1131 1054 1190 mille

73 1213 171 1274 Aetoli
185 1211 282 1286 missi,
300 1223 495 1286 quaerunque
510 1226 545 1272 se
561 1211 671 1272 elassis
684 1211 906 1286 circumegerat
916 1227 972 1286 per
986 1213 1052 1272 lito-

72 1312 135 1357 rum
147 1297 321 1367 amfractus,
331 1293 524 1355 brevioribus
535 1295 652 1356 semilis
660 1293 872 1356 occurrebant
888 1302 918 1356 et
924 1297 1053 1357 Romani

74 1381 109 1439 ed
125 1379 320 1440 Ambraciam
341 1373 481 1454 pluribus
501 1378 579 1439 loeis
601 1378 765 1455 quatiendo
787 1378 932 1440 arietibus
947 1393 1051 1442 muros

74 1463 258 1538 aliquantum
272 1461 357 1523 urbis
373 1463 579 1537 nudaverant,
595 1477 652 1523 nec
664 1469 765 1524 tamen
780 1469 942 1538 penetrare
957 1464 987 1524 in
1002 1481 1050 1524 ur·

72 1547 138 1606 bem
159 1551 315 1622 poterant:
347 1563 418 1606 narn
438 1552 468 1606 et
487 1547 553 1622 pari
576 1547 730 1607 celeritate
750 1562 851 1608 nouus
872 1564 929 1623 pro
951 1548 1051 1609 diruto

72 1645 174 1691 mmms
202 1631 403 1703 obiciebatur,
429 1637 460 1689 el
480 1631 586 1691 armati
605 1631 702 1691 ruinis
721 1637 934 1707 superstantes
956 1632 1054 1692 instar

72 1713 247 1775 munimenti
262 1722 357 1775 erant.
382 1713 485 1789 ltaque
500 1730 569 1774 cum
583 1721 691 1788 aperta
704 1715 735 1774 vi
750 1731 858 1790 pamm
871 1717 1053 1790 procederet

72 1799 189 1860 consuli
203 1813 264 1871 res,
280 1797 451 1858 cuniculum
466 1799 619 1858 occultum
630 1798 728 1858 vineis
742 1806 811 1858 ante
826 1806 966 1862 contecto
982 1801 1051 1860 loeo

71 1896 162 1957 agere
188 1881 324 1942 instituit.
362 1888 392 1942 et
412 1881 613 1955 aliquamdiu,
641 1895 709 1940 cum
735 1881 802 1941 dies
826 1888 997 1958 noctesque
1021 1884 1064 1942 in·

73 1980 165 2040 opere
180 1971 301 2039 essent,
325 1981 386 2025 non
403 1965 502 2025 solum
519 1964 576 2025 snb
592 1971 674 2024 terra
688 1964 840 2025 fodientes
855 1965 912 2026 sed
925 1981 1050 2040 egeren-

73 2055 115 2108 tes
131 2051 219 2110 etiam
231 2048 356 2110 humum
367 2049 502 2108 lelellere
513 2049 642 2110 hostem.
665 2047 805 2110 cumulos
816 2054 943 2124 repente
954 2056 1053 2108 terrae

73 2135 208 2194 eminens
229 2133 321 2193 index
343 2132 446 2207 operis
468 2132 633 2208 oppidanis
654 2133 726 2205 luit;
745 2133 914 2208 pavidique
933 2148 972 2192 ne
992 2133 1053 2192 iarn

73 2216 204 2278 subrutis
219 2217 315 2277 muris
328 2216 409 2278 lacta
421 2217 452 2275 in
465 2217 572 2277 urbem
589 2217 638 2276 via
652 2224 745 2291 esset,
764 2217 881 2278 fossam
896 2217 973 2277 intra
987 2231 1051 2274 mu-

74 2315 137 2360 rum
152 2317 169 2360 e
183 2302 311 2378 regione
335 2301 401 2361 eius
427 2301 532 2376 operis
558 2301 644 2376 quod
667 2301 766 2362 vineis
794 2307 967 2362 contectum
988 2307 1052 2362 erat

75 2381 185 2445 ducere
199 2385 368 2446 instituunt.
401 2385 488 2444 cuius
505 2383 555 2442 nbi
569 2385 609 2444 ad
624 2390 738 2445 tantam
752 2384 940 2445 altitudinem
956 2400 1051 2459 quan·

76 2471 120 2525 tae
144 2485 217 2530 esse
242 2469 339 2531 solum
364 2467 500 2526 intimum
520 2465 654 2526 cuniculi
675 2473 810 2541 poterat,
836 2472 1050 2542 pervenerunt,

75 2549 189 2614 silentio
205 2553 296 2626 iacto,
313 2551 451 2626 pluribus
466 2551 543 2612 locis
556 2565 630 2612 aure
641 2550 773 2624 admota,
790 2551 922 2610 sonitum
933 2548 1051 2608 lodien-

76 2632 144 2695 tium
158 2637 330 2714 captabant.
356 2649 447 2711 quem
461 2634 513 2694 ubi
529 2639 724 2708 acceperunt,
739 2634 880 2708 aperiunt
892 2639 1007 2692 rectam
1021 2633 1052 2690 in

76 2721 245 2782 cuniculum
265 2721 355 2781 viam.
389 2733 447 2779 nec
468 2719 524 2779 luit
543 2718 646 2792 magni
661 2717 781 2792 operis=
803 2721 956 2778 momento
972 2714 1051 2774 enim

77 2801 112 2860 ad
132 2804 237 2880 inane,
260 2819 416 2880 suspenso
439 2801 565 2864 furculis
580 2801 618 2862 ab
633 2801 774 2864 hostibus
789 2817 886 2874 muro,
903 2813 1051 2875 pervene-

75 2894 146 2946 runt.
178 2889 219 2950 ibi
245 2887 418 2949 commissis
438 2885 585 2964 operibus
606 2902 674 2946 oum
690 2901 708 2946 e
722 2888 809 2948 losse
829 2885 859 2944 in
881 2883 1053 2945 cuniculum

78 2978 188 3040 pateret
202 2975 274 3047 iter,
291 2973 388 3048 primo
403 2971 482 3047 ipsis
496 2971 705 3044 ferramentis,
721 2969 833 3046 quibus
848 2969 878 3028 in
894 2982 988 3044 opere
1002 2965 1053 3027 nsi

77 3063 165 3130 crant,
181 3057 252 3118 dein
268 3057 407 3117 celeriter
420 3055 526 3116 armati
540 3055 629 3116 etium
645 3055 813 3116 subeuntes
828 3055 978 3114 occultam
993 3051 1051 3111 sub

77 3140 152 3199 terra
164 3140 478 3216 edideruntpugnam.
497 3139 622 3213 segnior
633 3139 744 3199 deinde
751 3153 790 3198 ea
801 3137 881 3197 lacta
892 3143 948 3208 est,
960 3136 1052 3196 inter

77 3224 280 3297 saepientibus
297 3225 479 3298 cuniculum,
494 3221 546 3282 ubi
561 3223 683 3297 vellent,
698 3237 780 3282 nune
795 3220 900 3280 ciliciis
913 3225 1050 3294 praeten-

76 3300 112 3360 tis
132 3321 211 3370 nunc
232 3309 349 3370 loribus
363 3307 474 3383 raptim
490 3303 626 3368 obiectis.
654 3320 737 3367 nouo
752 3304 841 3365 etiam
855 3303 939 3363 haud
952 3301 1052 3376 magni

77 3391 176 3459 operis
196 3393 347 3454 adversus
365 3407 421 3453 eos
437 3390 534 3468 quiin
550 3391 691 3451 cuniculo
706 3393 793 3449 erant
807 3390 978 3462 excogitata
991 3401 1052 3446 res.

77 3466 187 3535 dolium
201 3492 220 3536 a
234 3477 329 3539 londo
344 3484 516 3554 pertusum,
541 3491 601 3551 qua
615 3475 719 3535 fistula
732 3471 854 3590 modica
870 3470 964 3532 inseri
978 3485 1052 3546 pos·

794 3564 825 3617 21
