2482 3902
265 197 382 262 HBHR
396 200 528 262 lhllllll.
551 200 634 262 cap.
650 207 807 263 cacam
830 208 911 276 [nc.
926 205 987 282 ros]
1057 203 1119 268 123

132 350 251 430 paratis
264 353 325 414 iam
339 361 410 415 ante
427 351 570 416 omnibus
585 353 755 428 adingam,
772 353 956 416 obversatus
971 371 1009 418 ec
1025 355 1075 416 die
1088 357 1120 418 in

131 439 203 500 loro
218 437 405 499 avertendae
419 437 607 514 suspicionis
623 453 728 514 causa,
742 436 849 513 primis
860 439 995 500 tenebris
1008 440 1121 503 vestitu

133 521 252 582 lorensi
274 522 314 582 ad
334 527 453 598 portam
468 537 539 582 cum
553 521 675 582 dnobus
691 522 853 582 comitibus
867 522 982 598 ignaris
999 523 1120 585 consilii

132 611 183 667 est
203 620 361 682 egressus.
395 605 528 666 XLVHI.
557 621 627 666 cum
642 607 729 681 equi,
752 621 813 681 quo
835 606 866 666 in
886 609 956 668 loco
976 608 1119 683 iusserat,

131 697 260 766 praesto
280 690 425 764 luissent,
450 696 541 751 nocte
554 687 722 766 Byzacium
735 687 834 751 -ita
850 691 1008 766 regionem
1023 707 1120 768 quan·

132 774 206 836 dam
226 772 294 833 Afri
321 781 724 848 vocant-transgressus,
750 781 877 850 postero
904 775 955 836 dic
976 775 1016 836 ad
1035 790 1120 840 mare

131 856 215 920 inter
227 857 371 936 Acyllam
391 865 422 918 et
434 857 590 934 Thapsum
611 858 652 918 ad
667 873 755 919 suam
772 864 886 920 turrem
900 859 1049 933 pervenit.
1077 858 1120 919 ibi

133 957 205 1002 eum
220 947 327 1016 parata
340 942 552 1018 instructaque
565 942 692 1016 remigio
705 943 830 1017 excepit
839 943 938 1002 navis.
960 943 1003 1004 ita
1013 941 1120 1004 Africa

132 1024 286 1089 Hannibal
306 1026 457 1100 excessit,
477 1025 604 1102 saepius
626 1026 744 1100 patriae
765 1041 858 1101 quarn
872 1043 962 1088 suum
976 1033 1121 1090 eventum

133 1109 308 1184 miseratus.
341 1109 452 1170 eodem
471 1109 522 1170 dia
542 1110 573 1170 in
588 1109 746 1170 Cercinam
766 1111 899 1170 insulam
918 1109 1044 1171 traiecit.
1066 1107 1120 1172 ubi

134 1209 205 1254 cum
223 1191 256 1252 in
281 1199 373 1268 portu
397 1209 493 1254 naves
519 1192 637 1268 aliquot
655 1192 843 1254 Phoenicum
867 1195 1024 1255 onerarias
1050 1209 1120 1254 cum

133 1275 289 1338 mercibus
304 1277 482 1352 invenisset,
499 1286 530 1340 et
543 1277 586 1338 ad
599 1291 760 1352 egressum
775 1293 846 1338 etun
860 1293 878 1337 e
892 1292 971 1338 nave
989 1292 1119 1338 concur·

134 1377 191 1423 sus
206 1360 401 1422 salutantium
416 1369 501 1424 esset
514 1364 630 1435 lactus,
651 1360 923 1437 percunctantibus
937 1363 1069 1444 legatum
1084 1376 1119 1421 se

132 1444 249 1524 Tyrium
262 1443 390 1508 missum
405 1446 465 1506 dici
480 1447 578 1506 iussit
613 1443 730 1506 veritus
743 1454 860 1518 tamen,
883 1461 923 1506 ne
938 1459 1000 1522 qua
1013 1459 1120 1506 earum

134 1529 225 1590 navis
239 1537 331 1592 nocte
344 1530 486 1608 prolecta
498 1529 655 1606 Thapsum
669 1537 722 1590 aut
734 1529 954 1592 Hadrumetum
968 1529 1121 1590 nuntiaret

134 1629 171 1674 se
192 1613 338 1674 Cercinae
362 1613 478 1686 visum,
504 1612 657 1676 sacrificio
684 1614 827 1690 apparari
846 1615 934 1674 iusso
954 1613 1119 1688 magistros

133 1698 260 1758 navium
273 1705 528 1774 mercatoresque,
533 1697 654 1759 invitari
665 1697 764 1772 iussit,
776 1706 806 1758 et
817 1699 884 1758 vela
896 1714 966 1758 cum
977 1695 1119 1758 antennis

134 1797 177 1842 ex
192 1781 324 1845 navibus
346 1783 517 1857 corrogari,
538 1789 572 1843 ut
585 1781 693 1842 umbra
706 1814 749 1826 -
764 1783 875 1842 etenim
894 1779 996 1844 media
1015 1787 1119 1848 aestas

133 1867 214 1926 tone
239 1873 361 1928 erat-
377 1866 557 1928 cenantibus
577 1867 609 1924 in
629 1865 729 1926 littore
750 1865 847 1926 fieret.
879 1872 995 1942 quanto
1016 1879 1068 1925 rcs
1090 1870 1121 1924 et
1234 1883 1235 1886 ¹

133 1958 258 2027 tempus
281 1950 466 2026 patiebatur,
489 1957 640 2026 apparatu
661 1949 832 2010 celebratae
853 1949 919 2009 eius
935 1948 995 2010 diei
1010 1949 1121 2023 epulae

135 2044 225 2104 sunt;
249 2036 406 2109 multoque
426 2035 498 2096 vino
521 2035 551 2094 in
571 2049 674 2095 serum
695 2032 794 2094 noctis
814 2031 987 2093 convivium
1004 2030 1120 2108 produ·

134 2126 228 2180 ctum.
262 2119 413 2180 Hannibal
436 2135 505 2180 cum
529 2119 659 2196 primum
679 2115 805 2176 fallendi
825 2131 881 2178 eos
902 2116 1006 2192 quiin
1031 2119 1121 2191 portu

136 2211 224 2264 erant
246 2211 369 2279 tempus
391 2201 511 2278 habuit,
542 2219 653 2264 navem
677 2201 779 2263 solvit.
816 2199 909 2262 ceteri
934 2200 1026 2276 sopiti
1051 2215 1122 2260 cum

135 2295 264 2363 postero
280 2285 463 2349 dictandam
474 2301 513 2347 ex
525 2303 633 2348 somno
647 2286 729 2362 pleni
741 2286 887 2361 crapulae
901 2283 1120 2355 surrexissent,

134 2371 177 2432 ad
191 2369 225 2432 id
239 2371 325 2447 quod
338 2386 441 2432 serum
455 2379 534 2446 erat,
554 2371 672 2448 aliquot
685 2371 778 2429 horas
792 2369 963 2430 referendis
978 2369 1009 2427 in
1024 2381 1120 2428 naves

134 2455 576 2532 coHocandisqueetapmndis
588 2453 782 2515 armamentis
791 2452 1038 2527 absumpserunt.
1051 2450 1122 2510 Car·

134 2539 261 2614 thagine
280 2546 312 2600 et
331 2538 530 2601 multitudinis
551 2540 699 2599 adsuetae
719 2537 844 2597 domum
859 2534 1039 2594 Hannibalis
1062 2533 1121 2592 rre-

136 2630 289 2699 quentare
309 2639 480 2685 concursus
496 2624 536 2684 ad
549 2621 735 2682 vestibulum
753 2619 876 2680 aedium
898 2625 946 2679 est
959 2618 1067 2679 lactus.
1088 2621 1123 2676 ut

135 2723 200 2768 non
222 2716 403 2784 comparere
423 2723 493 2768 eum
512 2707 670 2782 vulgatum
691 2711 753 2778 est,
780 2703 810 2762 in
830 2703 930 2764 lorum
943 2700 1034 2764 turba
1048 2716 1121 2761 con-

134 2791 220 2852 venit
235 2790 405 2868 principem
424 2791 554 2852 civitatis
573 2789 790 2864 quaerentium.
819 2793 850 2848 et
864 2787 915 2848 alii
929 2787 1033 2862 lugam
1048 2801 1120 2846 con-

136 2873 250 2949 scisse,
266 2876 299 2936 id
314 2875 492 2950 quoderat,
509 2875 560 2935 alii
575 2873 685 2935 iraude
698 2875 906 2936 Romanorum
920 2871 1121 2944 interiectum,

134 2959 233 3038 idque
245 2959 355 3035 magis,
370 2961 463 3036 vulgo
476 2959 660 3028 fremebant3
681 2958 849 3032 variosque
861 2957 964 3017 vultus
978 2968 1121 3016 cerneres

133 3045 217 3105 utin
232 3041 356 3106 civitate
372 3044 500 3105 aliorum
515 3043 590 3104 alias
603 3049 706 3120 partes
718 3042 886 3104 foventium
897 3049 928 3102 et
938 3038 1122 3101 factionibus

134 3127 286 3191 discordi.
322 3127 425 3190 visum
449 3128 561 3189 deinde
583 3127 728 3189 Cercinae
753 3141 824 3187 eum
844 3126 967 3186 tandem
988 3123 1123 3184 adlatum

134 3219 194 3274 est.
221 3211 325 3274 XLIX.
348 3220 380 3273 et
391 3211 522 3275 Romani
542 3211 634 3288 legati
648 3227 719 3273 cum
732 3209 764 3272 in
779 3216 889 3270 senatu
904 3205 1122 3282 exposuissent

133 3301 331 3373 compertum
355 3297 493 3372 patribus
513 3295 661 3358 Romanis
682 3309 754 3355 esse
775 3300 806 3354 et
824 3291 998 3365 Philippum
1018 3302 1123 3362 regem

135 3389 209 3442 anto
223 3382 263 3442 ab
278 3381 449 3442 Hannibale
469 3380 601 3442 maxime
622 3393 788 3440 accensum
801 3377 916 3436 bellum
930 3373 1046 3449 populo
1060 3372 1122 3432 Ro·

136 3481 230 3528 mano
253 3465 382 3542 iecisse,
404 3472 435 3527 et
454 3481 535 3530 nunc
555 3465 671 3526 litteras
691 3461 877 3536 nuntiosque
898 3457 990 3518 abeo
1006 3455 1124 3517 adAn·
