2480 3904
262 205 523 266 Ltssuttffllv.
548 202 630 264 cap.
645 212 688 268 on.
711 209 869 278 [acum]
989 199 1049 267 175

84 361 213 438 pendere.
230 359 375 434 Emporia
388 365 502 418 vocant
517 373 583 417 eam
598 357 770 432 regionem=
792 375 846 419 ora
861 366 909 420 est
923 360 1050 421 minoris

85 445 180 524 Syrtis,
195 449 224 505 et
237 443 299 517 agri
313 441 435 510 uberis;
456 457 520 502 una
534 441 642 502 civitas
657 441 724 502 eius
735 441 855 518 Leptis:
878 459 915 503 ea
930 445 1050 519 singula

83 531 108 588 iu
121 525 182 588 dies
195 528 305 586 talenta
318 525 450 600 vectigat
465 524 764 600 Carthaginiensibus
780 526 872 586 dedit.
894 526 975 588 hano
986 536 1050 588 tum

82 613 223 686 regionem
236 617 266 676 et
277 616 371 671 totam
382 609 525 671 infestam
535 609 709 682 Masinissa,
725 617 755 670 et
766 626 805 670 ex
817 611 950 686 quadam
962 619 1050 687 parte

83 695 179 756 dubiae
193 693 412 770 possessionis,
429 695 478 755 sui
492 694 578 769 regni
593 709 632 752 an
649 693 940 768 carthaginiensium
956 703 1049 769 esset,

83 777 219 840 effecerat.
248 786 277 839 et
299 779 371 853 quia
385 779 474 840 simul
489 779 529 838 ad
543 778 706 854 purganda
721 779 847 838 crimina
862 788 892 840 et
907 787 1050 855 questum

83 863 115 922 de
134 878 166 922 se
177 863 303 923 Romam
324 878 380 923 eos
398 862 495 923 ituros
518 863 682 938 comperit,
705 863 756 936 qui
777 870 807 922 et
822 863 872 922 illa
887 869 1052 924 onerarent

84 947 294 1022 suspicionibus
312 953 342 1007 et
356 947 395 1006 de
410 947 475 1008 iure
489 946 683 1020 vectigalium
699 947 914 1022 disceptarent,
930 948 1050 1022 legatos

83 1039 107 1091 et
118 1032 180 1106 ipse
190 1033 315 1092 Romam
328 1031 423 1092 mittit.
443 1030 536 1092 auditi
548 1031 587 1090 de
596 1029 689 1107 Tyrio
706 1029 826 1088 advena
837 1031 966 1106 primum
979 1029 1050 1090 Car-

83 1115 272 1190 thaginienses
294 1131 397 1175 curam
418 1115 551 1174 iniecere
570 1113 724 1188 patribus,
747 1128 786 1172 ne
808 1129 875 1174 cum
897 1115 1048 1176 Antiocho

83 1200 159 1260 simul
173 1207 202 1260 et
210 1199 321 1260 Poenis
336 1199 512 1260 bellandum
527 1207 620 1258 esset.
643 1195 775 1268 maxirne
789 1211 828 1258 ea
838 1198 976 1272 suspicio
993 1199 1051 1256 cri-

82 1299 141 1343 men
154 1283 287 1359 urgebat,
311 1283 395 1360 quod
411 1299 503 1360 quem
519 1296 736 1356 comprensum
750 1281 880 1340 Romam
895 1281 970 1358 mitti
986 1281 1051 1356 pla·

83 1367 191 1442 auisset,
206 1383 263 1428 nec
278 1367 381 1442 ipsum
395 1382 453 1428 nec
467 1379 577 1426 navem
592 1365 659 1425 eius
675 1365 893 1425 custodissent.
921 1365 961 1424 de
975 1379 1051 1439 agro

83 1451 178 1512 deiude
198 1468 267 1512 cum
288 1453 371 1526 regis
392 1451 500 1527 legatis
523 1450 688 1524 disceptari
711 1455 862 1524 coeptum.
897 1447 1052 1523 carthagi·

83 1534 190 1596 nienses
215 1537 283 1597 iure
303 1535 408 1595 finium
429 1549 554 1595 causam
574 1534 764 1608 tutabantur,
790 1533 875 1608 quod
895 1532 974 1592 intra
996 1546 1052 1593 eos

83 1620 210 1680 terminos
231 1625 331 1690 asset,
352 1619 463 1694 quibus
477 1617 509 1677 P.
526 1617 630 1692 Scipio
650 1618 750 1678 vietor
764 1631 885 1692 agrum,
908 1617 960 1692 qui
975 1616 1052 1676 iuris

83 1710 153 1764 esset
167 1702 475 1779 carthaginiensium,
492 1702 619 1776 finisset,
635 1708 665 1762 et
680 1701 877 1764 confessione
891 1702 983 1775 regis,
1001 1715 1053 1775 qur

82 1803 140 1846 cum
153 1788 333 1863 Aphthirem
356 1787 520 1862 profugum
542 1801 582 1846 ex
595 1801 692 1860 regno
709 1799 783 1859 suo,
806 1800 875 1844 cum
890 1793 978 1860 parte
991 1784 1052 1843 Nu-

82 1871 214 1932 midarum
224 1878 387 1947 vagantem
400 1872 481 1932 circa
490 1869 636 1949 Cyrenes,
649 1877 898 1944 persequeretur,
912 1867 1054 1942 precario

82 1955 112 2014 ab
130 1972 162 2016 se
180 1958 236 2022 iter
256 1970 314 2032 per
335 1970 402 2015 eum
425 1956 527 2030 ipsum
549 1969 655 2028 agrum
680 1958 836 2027 tamquam
857 1951 1054 2012 hauddubie

83 2038 361 2117 Carthaginiensium
382 2039 457 2100 iuris
472 2038 611 2114 petisset.
646 2035 796 2097 Numidae
812 2042 842 2094 et
857 2035 896 2094 de
911 2035 1053 2095 termina-

82 2121 318 2202 tioneSeipionis
340 2124 459 2183 mentiri
481 2138 537 2184 eos
558 2121 741 2196 arguebant,
764 2126 795 2179 et
814 2119 840 2180 si
862 2119 1054 2194 quieveram

83 2208 214 2283 originem
228 2209 305 2269 iuris
322 2208 446 2282 exigere
461 2208 566 2281 vellet,
583 2221 674 2281 quem
689 2204 848 2280 proprium
864 2219 972 2278 agrum
985 2202 1055 2263 car·

84 2289 306 2368 tlraginieusium
327 2292 358 2350 in
379 2292 483 2353 Africa
503 2297 594 2350 esset
622 2289 766 2359 aduenis,
795 2295 942 2364 quantum
969 2293 1055 2347 secto

82 2373 158 2438 bouis
168 2384 254 2453 tergo
269 2377 412 2451 amplecti
422 2375 482 2436 loci
495 2375 657 2450 potuerint,
671 2381 787 2434 tantum
800 2371 840 2431 ad
851 2373 959 2432 urbem
972 2386 1055 2430 com-

82 2462 265 2522 muniendam
295 2460 434 2535 precario
464 2460 577 2519 datum
613 2455 764 2532 quidquid
788 2455 920 2516 Bursam
948 2453 1056 2512 sedem

82 2559 158 2605 suam
171 2544 372 2617 excesserint,
389 2543 417 2602 vi
433 2550 526 2618 atque
541 2541 651 2600 iniuria
665 2547 786 2614 partum
800 2537 924 2596 hahere.
953 2549 1057 2610 neque

82 2641 149 2703 eum,
164 2631 203 2690 de
219 2645 282 2706 quo
293 2628 400 2704 agitur,
417 2627 550 2702 probare
562 2641 617 2685 eos
631 2639 736 2698 posse,
753 2637 814 2682 non
827 2620 920 2681 modo
934 2633 1058 2693 semper

82 2726 115 2770 ex
128 2729 186 2790 quo
202 2713 371 2790 coeperint,
387 2712 444 2771 sed
460 2725 498 2769 ne
513 2709 566 2770 diu
581 2707 704 2784 quidem
720 2721 775 2766 eos
790 2703 984 2781 possedisse.
1001 2715 1058 2777 per

83 2798 316 2872 opportunitates
342 2811 423 2856 nunc
443 2795 512 2854 iilos
533 2807 615 2854 nunc
635 2805 725 2866 reges
746 2786 945 2851 Numidarum
967 2803 1058 2848 usur-

82 2893 168 2954 passe
188 2882 253 2955 ius,
281 2893 468 2956 semperque
489 2893 586 2954 penes
609 2892 678 2938 aum
704 2873 938 2957 possessionem
960 2873 1059 2932 fuisse

83 2965 128 3038 qui
151 2967 221 3041 plus
247 2965 339 3025 armis
365 2963 526 3040 potuisset.
560 2961 648 3022 cuius
674 2957 864 3020 condicionis
889 2973 941 3019 res
968 2955 1060 3018 suerit

82 3047 253 3126 priusquam
267 3049 374 3110 hostes
387 3047 535 3109 Romanis
552 3043 828 3118 carthaginienses,
844 3043 949 3104 socius
965 3048 1059 3114 atque

27 3175 29 3185 ,
82 3134 188 3196 amicus
202 3149 260 3194 rex
273 3132 470 3193 Numidarum
485 3136 583 3201 esset,
609 3129 674 3190 eius
691 3128 827 3188 sinerent
841 3141 928 3200 esse,
950 3139 1009 3183 nec
1024 3138 1059 3182 se

82 3214 310 3293 interponerent,
326 3215 513 3293 quominus,
530 3215 583 3289 qui
594 3219 711 3288 posset,
726 3217 852 3272 teneret.
875 3208 1058 3282 responderi

82 3298 181 3376 legatis
201 3301 364 3376 utriusque
385 3299 480 3376 partis
503 3297 617 3374 placuit
636 3297 787 3357 missuros
808 3308 842 3354 se
864 3293 893 3352 in
912 3289 1060 3362 Africum,

84 3386 129 3459 qui
148 3386 227 3448 inter
246 3387 394 3464 populum
410 3381 691 3457 carthaginiensem
712 3387 743 3439 et
756 3391 860 3452 regem
875 3375 905 3434 in
920 3389 954 3433 re
969 3387 1061 3448 prae·

83 3470 154 3530 senti
169 3471 384 3548 disceptarent.
407 3467 494 3529 missi
508 3465 540 3524 P.
558 3463 661 3541 Scipio
677 3463 842 3524 Africanus
858 3467 887 3520 et
901 3458 932 3520 C.
946 3457 1060 3519 Corne-
