2480 3904
200 230 259 294 180
373 229 489 292 Lmtttt
502 229 621 290 XXXV.
645 227 727 289 cAP.
743 237 768 291 5.
781 236 807 292 6.
830 234 867 302 [a.
880 233 915 287 tt.
928 251 951 286 e.
964 233 1027 300 55⁹]

194 403 262 447 rum
282 399 429 460 corporat
457 381 563 444 densis
584 387 685 442 tamen
708 380 866 444 ordinibus
883 397 964 442 nunc
979 380 1030 440 alii
1047 380 1079 440 in
1094 380 1169 440 allos

195 484 276 531 nune
291 469 321 529 in
337 473 426 527 scuta
439 465 650 527 incumbentes
665 465 856 525 sustinebant
869 465 1002 540 impetus
1017 464 1169 525 Romano-

193 569 270 615 rum.
294 551 378 627 quod
391 549 444 610 ubi
459 548 670 610 animadvertit
684 549 808 621 consul,
822 548 863 608 ad
877 548 1107 624 perturbandos
1124 565 1170 610 or-

194 637 282 696 dines
303 650 410 696 eorum
425 633 456 694 C.
471 632 588 694 Livium
603 631 819 705 Salinatorem,
842 631 894 708 qui
913 639 1055 707 praeerat
1069 633 1171 692 alariis

194 719 364 796 equitibus,
381 733 473 793 quam
488 716 743 778 concitatissimos
759 730 859 790 equos
868 715 1032 778 immittere
1041 714 1135 788 iubet,
1143 724 1172 776 et

194 802 378 879 legionarios
393 802 511 876 equites
527 799 557 860 in
573 799 720 861 subsidiis
735 813 815 860 esse.
838 798 916 860 haec
930 800 1068 874 procella
1078 814 1170 874 eque·

194 888 266 948 stris
286 885 385 962 primo
408 884 545 946 conludit
559 891 589 944 et
602 883 746 956 turbavit,
768 881 880 943 deinde
897 882 1061 959 dissipavit
1075 884 1171 944 aciem

195 970 364 1040 Gallorum;
386 985 448 1030 non
469 975 568 1028 tamen
590 974 623 1028 ut
643 974 728 1043 terga
742 966 858 1027 darent.
888 966 1051 1028 obstabant
1064 966 1169 1039 duces,

193 1054 354 1115 hastilibus
375 1051 540 1114 caedentes
559 1058 645 1127 terga
657 1050 873 1126 trepidantium
886 1057 916 1110 et
928 1050 1030 1112 redire
1044 1050 1077 1110 in
1092 1051 1169 1111 ordi-

193 1153 249 1198 nes
269 1144 430 1212 cogentes:
453 1136 510 1196 sed
529 1135 778 1210 interequitantes
793 1135 878 1194 alarii
891 1150 954 1194 non
969 1132 1170 1209 patiebantur.

195 1222 303 1283 consul
314 1219 522 1282 obtestabatur
533 1219 651 1293 milites,
666 1227 699 1280 ut
708 1218 834 1295 paulurn
844 1215 1060 1293 adniterentur,
1075 1218 1168 1278 victo-

193 1306 268 1366 riam
294 1304 484 1365 inmanibus
510 1319 597 1373 esse;
630 1303 703 1363 dum
723 1302 918 1378 perturbatos
939 1308 970 1362 et
989 1299 1172 1377 trepidantis

194 1389 346 1462 viderent,
372 1389 532 1448 instarent=
565 1387 592 1447 si
612 1387 730 1448 restitui
754 1387 877 1448 ordines
899 1386 1028 1460 sissent,
1053 1386 1169 1460 integro

193 1487 301 1533 rursus
322 1487 377 1531 eos
392 1471 510 1544 proelio
525 1477 556 1530 et
570 1469 663 1530 dubio
679 1469 886 1532 dimicaturos.
917 1469 1030 1529 inlerre
1043 1469 1168 1529 vexilla·

193 1556 257 1616 rios
272 1555 361 1616 iussit
374 1555 471 1628 signa.
494 1568 601 1615 omnes
614 1553 712 1614 conisi
722 1553 845 1615 tandem
856 1559 1032 1615 averterunt
1041 1553 1168 1614 hostem.
1232 1585 1233 1590 κ

193 1646 357 1714 postquam
371 1641 456 1712 terga
471 1635 584 1697 dabant
598 1643 629 1696 et
643 1637 674 1696 in
685 1638 788 1713 lugam
799 1637 916 1713 passim
926 1636 1168 1711 effundebantur,
1232 1635 1233 1646 ’

193 1730 255 1782 tum
267 1721 307 1780 ad
318 1721 552 1796 persequendos
564 1736 619 1781 cos
631 1721 787 1796 legionarii
798 1722 917 1797 equites
930 1719 1068 1782 immissi.
1084 1730 1168 1796 quat-

193 1804 360 1865 tuordecim
380 1804 462 1864 milla
481 1803 628 1866 Boiorum
648 1820 686 1867 eo
707 1805 757 1866 die
779 1821 872 1866 caesa
892 1811 978 1874 sunt;
1005 1804 1068 1864 vivi
1089 1806 1168 1880 capti

192 1888 274 1949 mille
287 1889 452 1964 nonaginta
467 1889 537 1965 duo,
554 1890 673 1965 equites
688 1886 872 1966 septingenti
882 1887 987 1964 viginti
1002 1905 1091 1963 unus,
1108 1895 1168 1949 tres

193 1973 290 2035 duces
304 1987 419 2048 eorum,
435 1973 523 2048 signa
538 1972 677 2034 militaria
690 1974 822 2034 ducenta
835 1971 1007 2046 duodecim,
1024 1983 1171 2048 carpenta

193 2057 352 2132 sexaginta
365 2056 432 2117 tria.
453 2072 510 2117 nec
520 2057 666 2118 Romanis
681 2058 838 2118 incruenta
850 2057 976 2118 victoria
987 2056 1059 2117 luit:
1075 2073 1170 2132 supra
1231 2057 1232 2070 ¹

194 2141 329 2216 quinque
338 2139 420 2201 milia
431 2140 564 2215 militum,
576 2141 715 2215 ipsorum
725 2146 778 2202 aut
788 2141 950 2214 sociorum,
964 2147 1036 2201 sunt
1046 2140 1170 2214 amissa,

193 2223 387 2284 centuriones
401 2230 464 2283 tres
481 2230 511 2283 et
524 2224 644 2298 viginti,
667 2224 813 2300 praelecti
827 2225 946 2285 socium
960 2231 1119 2300 quattuor,
1140 2231 1173 2284 et

191 2307 231 2366 ltl.
248 2305 400 2367 Genucius
423 2313 453 2366 et
467 2306 500 2381 Q.
516 2315 546 2368 et
559 2307 599 2366 Μ.
617 2308 723 2368 Marcii
742 2309 854 2370 tribuni
873 2308 999 2369 militum
1014 2309 1171 2370 secundae

193 2389 332 2466 legionis.

274 2474 327 2534 Vl.
355 2473 472 2536 Eodem
492 2476 556 2536 lere
576 2483 713 2552 tempore
734 2476 864 2537 duorum
878 2476 1039 2538 consulum
1054 2475 1172 2537 litterae

192 2556 311 2619 adlatae
325 2565 405 2632 sunt,
419 2559 452 2620 L.
466 2557 597 2620 Cornelii
609 2560 648 2620 de
662 2560 780 2636 proelio
795 2561 835 2620 ad
846 2560 992 2622 Mutinam
1004 2575 1076 2622 eum
1084 2559 1172 2620 Boiis

192 2639 282 2716 lacto,
298 2649 329 2704 ct
346 2643 379 2717 Q.
394 2642 519 2704 Minucii
534 2660 553 2704 a
566 2642 660 2705 Pisis=
682 2644 804 2706 comitia
818 2659 893 2705 suae
907 2643 1000 2704 sortis
1015 2659 1105 2711 esse;
1121 2659 1170 2702 ce·
1230 2633 1231 2680 t

191 2730 287 2784 terum
311 2727 389 2786 adeo
411 2743 565 2801 suspensa
585 2727 687 2788 omnia
708 2729 737 2787 in
751 2727 914 2803 Liguribus
935 2742 971 2788 se
984 2726 1115 2801 habere,
1138 2736 1173 2786 ut

191 2805 317 2867 abscedi
336 2808 409 2868 inde
430 2811 496 2869 sine
517 2811 653 2884 pernicie
667 2811 823 2873 sociorum
838 2817 868 2871 et
885 2811 996 2872 damno
1012 2811 1057 2870 rel
1073 2811 1171 2884 publi-

191 2902 246 2947 cae
266 2905 328 2949 non
348 2900 465 2972 posset.
501 2893 527 2954 si
548 2894 588 2954 ita
609 2894 763 2956 videretur
783 2895 935 2972 patribus,
957 2895 1111 2956 mitterent
1131 2895 1172 2953 ad

190 2972 348 3048 collegam,
364 2982 396 3035 ut
406 2975 442 3051 is,
457 2976 509 3051 qui
520 2977 714 3053 profligatum
725 2979 835 3039 bellum
846 2977 981 3052 baberet,
996 2978 1036 3038 ad
1047 2976 1170 3040 comitia

189 3055 317 3118 Romam
337 3060 459 3125 rediret.
492 3062 518 3121 si
534 3061 563 3121 id
580 3063 682 3122 lacera
701 3068 892 3137 gravaretur,
915 3062 1000 3137 quod
1016 3078 1078 3122 non
1093 3077 1169 3121 suae

190 3140 282 3202 sortis
303 3141 334 3204 id
354 3145 509 3218 negotium
523 3153 621 3218 esset,
642 3146 816 3221 sequidem
832 3147 982 3206 lecturum
998 3146 1167 3221 quodcum

190 3240 250 3298 que
272 3234 397 3288 senatus
419 3227 605 3303 censuisset,
627 3229 684 3288 sed
704 3229 794 3290 etiam
807 3236 900 3305 atque
913 3229 1004 3289 etiam
1017 3229 1166 3296 viderent,

189 3321 228 3364 ne
248 3309 346 3383 magis
367 3311 571 3385 erepublica
590 3319 674 3370 essct
694 3313 897 3387 interregnum
913 3313 998 3386 iniri,
1021 3329 1116 3388 quam
1128 3313 1166 3370 ab

189 3401 223 3445 se
236 3387 267 3446 in
283 3405 320 3450 eo
335 3399 416 3453 statu
435 3392 566 3466 relinqui
583 3394 780 3466 provinciam.
815 3403 941 3458 senatus
957 3396 988 3456 C.
1005 3394 1166 3458 Scribonio

188 3471 341 3541 negotium
358 3474 455 3546 dedit,
474 3479 506 3534 ul
526 3473 605 3534 duos
620 3477 736 3549 legatos
752 3493 790 3536 ex
806 3479 914 3538 ordine
930 3480 1086 3540 senatorio
1101 3479 1165 3538 mit
