2480 3904
257 225 372 284 LIBER
386 224 519 284 XXXVI.
541 224 625 284 cAP.
641 234 684 287 15.
697 233 740 288 16.
763 231 799 299 [a.
812 230 844 290 0.
857 230 920 299 191]
1021 223 1084 287 235

105 397 184 442 vana
201 378 355 454 promissa
374 377 516 437 incusare
537 385 567 439 et
586 369 774 454 Thoantem,
789 379 990 440 Hannibalem
1012 395 1085 441 vero

104 472 210 528 nonut
221 462 404 538 prudentem
415 467 529 522 tantum
541 462 718 536 virumsed
729 469 942 538 pnopavatem
954 465 1087 526 omnium

105 563 187 624 quae
206 555 271 608 tum
291 545 461 620 evacuent,
482 545 635 606 admirari.
663 561 703 606 ne
725 553 827 608 tamen
847 555 961 608 temere
976 555 1088 623 coepta

105 631 236 708 segnitia
256 631 385 706 insuper
404 635 568 706 everteret,
588 631 712 691 nuntios
726 631 758 690 iu
772 629 923 692 Aetoliam
938 632 1034 705 misit,
1054 639 1089 692 ut

104 717 189 776 omni
203 721 360 778 conuecta
372 713 529 774 iuventute
543 714 742 776 convenirent
754 715 905 788 Lamiam,
922 723 952 776 at
965 716 1034 790 ipse
1049 731 1086 776 eo

104 801 214 860 decem
234 797 316 858 milia
335 799 401 857 lere
420 797 557 873 peditum
577 813 617 858 ax
631 799 679 858 his
694 798 748 874 qui
762 806 873 874 postea
887 808 1035 860 venerant
1048 815 1088 860 ex

103 884 182 944 Asia
202 883 325 958 expleta
344 887 376 942 ct
395 881 513 957 equites
535 882 720 956 quingentos
743 882 838 944 duxit.
870 899 933 958 quo
949 898 1018 944 cum
1034 884 1087 944 ali·

105 974 222 1043 quanto
243 965 406 1042 pauciores
432 981 524 1040 quam
544 981 690 1042 umquam
710 971 782 1026 ante
803 967 1037 1042 convenissent,
1058 975 1089 1028 et

104 1052 263 1128 principes
274 1049 482 1111 tantummodo
494 1065 563 1110 eum
577 1051 684 1126 paucis
697 1050 857 1112 clientibus
869 1059 982 1124 essent,
995 1059 1088 1128 atque

104 1135 124 1196 ii
138 1137 280 1196 dicerent
293 1133 396 1196 omnia
409 1133 518 1196 sedulo
534 1134 573 1194 ab
588 1151 625 1194 se
636 1136 724 1210 lacta,
739 1141 773 1196 ut
784 1151 875 1212 quarn
887 1137 1035 1212 plurimos
1048 1151 1088 1194 ex

105 1219 279 1282 ciuitatibus
299 1218 365 1282 suis
386 1225 565 1293 evocarent,
584 1235 644 1281 uec
658 1221 837 1282 auctoritate
849 1235 907 1281 nee
920 1221 1017 1296 gratia
1031 1235 1088 1279 nec

105 1308 235 1382 imperio
246 1307 398 1366 adversus
408 1307 613 1367 detractantes
624 1305 758 1367 militiam
769 1304 914 1380 valuisse,
925 1305 1087 1366 destitutus

103 1391 245 1466 undique
258 1399 290 1452 et
302 1387 341 1450 ab
356 1389 437 1464 suis,
453 1391 507 1466 qui
522 1391 719 1453 morabantur
733 1392 764 1450 in
778 1391 869 1465 Asia,
886 1397 916 1450 et
929 1390 967 1449 ab
982 1389 1086 1462 sociis,

105 1475 158 1552 qui
174 1490 214 1536 ca
226 1475 257 1534 in
271 1490 403 1550 quorum
417 1489 504 1550 spem
518 1481 702 1542 vocaverant
716 1474 996 1556 nonpraestabant,
1011 1473 1089 1533 intra

105 1561 218 1620 saltum
244 1557 516 1636 Thermopylarum
545 1575 617 1620 sese
644 1561 769 1635 recepit.
805 1559 837 1620 id
861 1558 980 1634 iugum,
1009 1559 1089 1618 sicut

103 1642 261 1718 Apennini
275 1643 369 1702 dorso
385 1641 472 1702 ltelia
484 1643 636 1717 dividitur,
652 1645 693 1705 ita
703 1644 834 1704 mediam
848 1643 1005 1704 Graeciam
1017 1641 1087 1702 diri-

104 1728 168 1788 mit.
195 1735 266 1787 ante
280 1727 390 1786 saltum
404 1726 676 1804 Thermopylarum
697 1729 726 1786 in
744 1729 981 1802 septentrionem
996 1740 1089 1785 versa

12 1853 14 1888 :
104 1808 218 1886 Epiros
231 1809 1087 1884 etPerrhaebiaetMagnesiaetThessaliaestetPhthio·

13 1893 14 1938 ἶ
106 1902 154 1954 tae
171 1895 287 1954 Achaei
306 1900 337 1953 et
356 1893 443 1954 sinus
457 1893 621 1954 Maliacus:
647 1895 727 1955 intra
746 1896 852 1954 lauces
874 1894 915 1954 ad
933 1893 1088 1954 meridiem

105 1985 239 2053 vergunt
252 1979 390 2039 Aetoliae
405 1993 478 2052 pars
492 1979 590 2038 maior
604 1977 820 2042 etAcarnania
834 1983 865 2038 et
879 1991 947 2037 eum
957 1975 1089 2037 Locride

13 2101 14 2106 κ
104 2061 218 2140 Phocis
238 2069 270 2124 et
282 2062 412 2122 Boeotia
433 2061 639 2138 adiunctaque
658 2063 760 2124 insula
772 2060 914 2134 Euboea,
936 2067 967 2121 et
979 2073 1088 2120 exaur-

105 2153 194 2206 rcntc
207 2147 237 2205 in
249 2147 342 2206 altum
351 2146 435 2206 velut
446 2146 654 2221 promunturio
666 2145 768 2209 Attica
778 2154 868 2221 terra,
883 2145 941 2206 sita
953 2145 990 2205 ab
1000 2149 1088 2218 tergo

105 2238 135 2290 et
149 2229 393 2306 Peloponnesus.
428 2229 488 2290 hoc
502 2230 606 2306 iugum
621 2232 659 2292 ab
672 2232 805 2292 Leucate
819 2239 850 2292 et
862 2229 940 2290 mari
954 2229 993 2290 ad
1009 2229 1089 2288 ocei-

106 2315 231 2376 dentem
244 2329 336 2375 uerso
351 2329 408 2390 per
421 2315 572 2374 Aetoliam
585 2315 625 2375 ad
640 2316 766 2376 alterum
781 2330 865 2374 mure
879 2313 989 2374 orienti
1005 2311 1088 2373 obie-

106 2407 190 2458 ctum
210 2398 341 2460 tendens
360 2413 400 2458 ea
423 2405 547 2472 aspreta
566 2413 726 2474 rupesque
739 2399 914 2458 interiectas
929 2396 1036 2470 habet,
1057 2401 1090 2456 ut

106 2499 172 2544 non
195 2482 288 2542 modo
308 2481 462 2544 exercitus
482 2483 541 2540 sed
562 2497 601 2540 ne
615 2481 752 2556 expediti
768 2481 892 2556 quidem
905 2479 996 2538 facile
1009 2479 1088 2539 ullas

107 2567 146 2626 ad
162 2563 603 2626 mansitumeallesinveniant.
626 2572 781 2625 extremos
792 2563 833 2622 ad
844 2563 991 2623 orientem
1003 2577 1088 2622 mon-

105 2652 144 2711 tis
164 2647 271 2712 Oetam
284 2655 412 2725 vocant,
430 2664 560 2724 quorum
575 2649 660 2724 quod
672 2647 854 2708 altissimum
870 2651 926 2717 est,
943 2644 1089 2705 Callidro-

105 2749 180 2795 mon
200 2735 387 2810 appellatum
416 2731 448 2792 in
463 2733 549 2794 cuius
571 2733 651 2792 vaila
671 2733 711 2794 ad
724 2731 886 2792 Maliacum
907 2731 1006 2790 sinum
1021 2743 1088 2788 ver-

105 2825 200 2892 gente
213 2819 271 2878 itcr
284 2824 333 2878 est
346 2833 407 2878 non
419 2817 509 2878 latius
522 2833 613 2893 quam
623 2815 785 2892 sexaginta
794 2831 918 2890 passus.
940 2815 1017 2874 haec
1028 2829 1090 2874 una

105 2901 245 2962 militaris
258 2903 311 2962 via
326 2909 381 2976 est,
398 2917 459 2976 qua
471 2901 591 2962 traduci
606 2902 768 2975 exereitus,
784 2901 811 2961 si
827 2917 888 2962 uon
903 2898 1088 2975 prohibean-

106 2993 164 3058 tur,
182 2985 313 3062 possint.
332 2985 402 3046 ideo
413 2984 517 3063 Pylae,
533 2991 564 3046 et
577 2985 615 3046 ab
630 2986 707 3060 aliis,
721 2983 796 3061 quia
811 2985 927 3045 calidae
945 2997 1043 3058 aquae
1058 2981 1088 3042 in

107 3069 185 3144 ipsis
201 3069 342 3130 lancibus
357 3075 436 3144 sunt,
447 3069 672 3148 Thermopylae
683 3071 769 3130 loeus
782 3069 961 3144 appellatur,
977 3065 1088 3126 nobilis

106 3152 421 3214 Lacedaemoniorum
441 3153 591 3214 adversus
612 3153 724 3214 Persas
745 3159 842 3213 morte
863 3151 959 3225 magis
975 3165 1088 3208 memo·

108 3237 195 3297 rabili
208 3251 303 3313 quam
318 3253 431 3312 pugna.

190 3322 248 3383 XV
249 3319 272 3380 1.
293 3321 540 3398 Haudquaquam
554 3320 621 3396 pari
635 3327 698 3382 tum
713 3319 813 3379 animo
825 3315 995 3380 Antiochus
1010 3313 1087 3374 intra

109 3412 214 3478 portas
235 3407 296 3466 loci
317 3406 383 3466 cius
405 3405 514 3466 eastris
528 3403 638 3480 positis
652 3402 870 3464 munitionibus
886 3402 1014 3475 insuper
1029 3399 1080 3458 sal·

108 3497 171 3549 tum
190 3489 392 3566 impediebam
421 3497 451 3550 et
472 3505 540 3549 cum
562 3487 677 3564 duplici
698 3487 778 3547 vallo
792 3485 941 3560 fossaque
956 3491 987 3545 et
1000 3497 1086 3544 muro
