2506 3898
250 212 365 273 LIBER
379 214 540 274 XXXVIII.
563 213 646 274 CAP.
660 223 704 276 it).
716 223 759 276 21.
780 221 856 288 [ac.
866 223 926 290 189]
1016 218 1080 282 aii

94 370 236 439 currant,
257 380 319 425 non
341 378 478 440 pugnare
498 379 568 424 cum
588 363 746 439 iniquitate
766 365 905 427 locorum
919 381 1020 443 aeque
1034 366 1079 432 in-

95 448 365 524 exsuperabilibus
379 447 441 508 vim
456 447 586 522 adferre,
602 448 660 508 sed
673 447 799 524 obliquo
812 458 915 514 moute
926 451 967 514 ad
978 467 1014 515 se
1028 452 1079 514 de·

96 533 211 594 clinare
231 541 262 594 et
282 548 342 594 suo
361 533 474 608 agmini
500 531 655 607 coniungi.
689 532 721 601 (t.
740 532 882 596 Helvium
903 538 1080 602 domicilia

95 623 184 694 parte
199 615 327 677 circuire
342 615 458 677 sensim
472 631 529 692 pau
539 615 643 682 inlitae
652 617 773 691 montis,
789 615 901 679 deinde
912 617 952 680 ab
964 635 1079 687 occasu

93 701 215 766 aestivo
236 699 356 776 erigere
376 715 496 776 agmen.
530 699 666 762 aditui
686 700 801 762 auxilia
814 699 961 766 trifariam
975 719 1077 780 aequo

94 799 225 851 numero
239 783 358 853 divisim
381 799 487 845 secum
502 799 575 845 esso
588 783 691 860 ipsam
706 782 849 858 iuveuem
862 783 963 848 iussit
991 789 1076 864 equi·

92 873 190 930 tatum
204 883 273 932 oum
288 867 459 943 elephantis
473 867 503 927 in
518 867 659 944 proxima
671 868 795 932 tumulis
810 869 935 944 planitie
945 869 1077 948 reliquit.

93 952 227 1013 edictum
249 952 427 1027 praelectis,
453 958 487 1013 ut
510 951 615 1013 intenti
638 950 713 1028 qaid
733 951 849 1027 cuipas
868 960 992 1029 geratur
1013 954 1077 1016 ani-

92 1036 299 1110 madveataut,
321 1050 475 1112 masque
496 1035 575 1096 lepre
596 1052 659 1112 quo
681 1035 816 1111 postulet
833 1051 884 1108 uos
899 1047 1077 1113 properem.

91 1119 170 1182 XXl.
197 1119 276 1180 lialli
294 1118 335 1180 ab
357 1118 479 1190 duobus
497 1119 645 1182 lateribus
661 1119 738 1181 satis
752 1119 884 1192 fidentes
897 1119 981 1184 invia
993 1138 1081 1202 esse,⁵

93 1203 133 1264 ab
147 1218 185 1264 ea
198 1210 287 1278 parte
307 1217 387 1279 quac
401 1203 432 1264 ia
447 1202 605 1275 meridiam
618 1210 774 1280 uel-gerat,
797 1203 938 1268 atomis
953 1205 1075 1268 claude·

92 1294 161 1350 rem
174 1287 264 1362 mam,
279 1292 424 1362 quattuor
438 1285 519 1347 milia
534 1289 597 1347 lere
610 1294 794 1350 admotorum
806 1286 847 1350 od
862 1289 1076 1353 tumulum-im-

91 1371 254 1433 minentem
273 1370 344 1432 vioe
360 1370 463 1432 minum
484 1371 564 1432 milla
586 1386 768 1447 pessumae
789 1371 899 1434 emitis
920 1387 1075 1449 occupan-

92 1457 164 1516 dum
178 1454 318 1529 mittunt,
339 1470 379 1516 eo
400 1471 436 1517 ee
453 1455 512 1515 rati
530 1455 625 1526 ueluti
645 1456 772 1518 oastdlo
792 1456 850 1516 ilar
863 1455 1074 1532 impedituros.

91 1540 176 1614 quod
197 1538 249 1600 ubi
263 1539 393 1600 Romani
413 1539 569 1614 mdmuat,
589 1539 760 1614 expediunt
777 1554 852 1606 aeae
865 1539 906 1602 cd
929 1555 1073 1617 pugnam.

90 1631 161 1686 ante
174 1625 263 1700 dama
277 1622 398 1685 madico
413 1623 572 1684 interuallo
588 1623 696 1684 velites
711 1629 826 1694 cantet
835 1623 875 1685 ab
886 1625 990 1690 Attalo
1003 1625 1074 1686 Gue-

90 1715 196 1768 tenses
217 1705 364 1782 sagittarii
385 1713 416 1766 et
429 1707 600 1774 ienditores
617 1715 649 1768 et
660 1706 752 1767 malli
766 1707 961 1779 etlhracesa
984 1709 1074 1784 signa

90 1791 236 1866 peditum,
251 1796 285 1850 ut
297 1805 354 1865 peu
368 1790 513 1862 arduum,
528 1790 588 1853 leui
602 1791 877 1866 graduduetmlur,
892 1792 934 1852 ita
947 1809 1023 1868 prae
1037 1808 1075 1854 se

89 1873 267 1934 habentium
280 1881 378 1945 scuta,
394 1875 428 1934 ut
440 1871 568 1932 missilia
581 1879 696 1934 tautum
711 1873 849 1948 uitaueat,
865 1876 947 1950 pede
962 1877 1073 1938 collato

89 1973 153 2019 nou
175 1957 353 2018 uiderentur
376 1957 551 2034 pugnaturi.
584 1955 753 2019 missilibus
770 1973 814 2018 ex
834 1958 993 2027 intervallo
1013 1955 1073 2020 leci

90 2041 238 2118 proelium
259 2040 455 2102 commissum
476 2047 539 2114 ost,
561 2040 660 2116 pulmo
681 2057 751 2117 par,
772 2041 877 2102 Gallos
895 2043 965 2104 loco
987 2041 1072 2112 adiu

89 2131 195 2200 vante,
216 2124 373 2186 Romanos
393 2124 541 2192 varietate
558 2131 591 2186 et
608 2125 702 2201 copia
719 2127 858 2188 telorum
885 2126 1074 2201 procedente

91 2208 255 2271 certamine
275 2207 348 2268 nihil
361 2208 422 2268 iam
435 2208 528 2284 aequi
543 2215 617 2270 erat.
651 2216 739 2270 scula
751 2211 860 2286 longa,
881 2216 1017 2272 ceterum
1032 2210 1074 2272 ad

90 2293 318 2369 amplitudinem
330 2308 495 2368 corporum
506 2307 615 2366 parum
627 2295 697 2366 lata,
713 2301 790 2354 elea
800 2295 871 2368 ipsa
881 2293 984 2369 plena,
993 2296 1073 2357 male

89 2378 232 2452 tegebant
246 2376 361 2437 Gallos.
397 2391 456 2436 nec
475 2375 538 2436 tela
554 2375 614 2435 iam
629 2378 689 2436 alie
703 2376 858 2437 habebant
871 2385 993 2454 praeter
1004 2380 1072 2456 ,gla-

88 2461 174 2532 diose
196 2477 343 2537 quoium,
359 2475 429 2520 cum
443 2474 566 2518 maoum
580 2458 680 2528 hostis
694 2475 756 2520 non
768 2468 954 2535 coaseueuet,
963 2462 1071 2532 pullus

87 2561 164 2606 usus
178 2551 253 2606 erat.
275 2544 361 2605 saxis
376 2541 589 2616 aacmodtcis,
604 2549 639 2605 ut
653 2558 733 2618 quae
747 2559 809 2604 acu
821 2553 1071 2618 praeparassent,

89 2629 146 2692 sed
161 2629 246 2704 quod
259 2628 502 2704 otiquetemaue
511 2626 678 2704 vlaepielauli
692 2626 733 2687 ad
743 2642 867 2688 monum
877 2627 1024 2700 venisset,
1038 2635 1073 2688 ut

87 2711 213 2786 insueti,
229 2727 287 2772 uec
301 2718 367 2772 aute
380 2727 440 2773 uec
453 2711 570 2774 viribus
583 2711 767 2773 mutuantes
780 2711 883 2785 iatum,
897 2709 1070 2772 utebamur.

87 2795 206 2871 sagittis
226 2796 339 2872 glaudc
359 2795 467 2857 iaculis
488 2793 603 2861 incauli
626 2801 657 2857 ol
675 2795 715 2856 ab
736 2793 819 2856 omui
834 2799 921 2871 parte
934 2794 1070 2870 confige·

87 2879 208 2944 bantur.
230 2895 289 2942 uec
305 2879 379 2956 quid
390 2886 525 2956 agerent,
540 2879 587 2941 im
597 2886 755 2955 etpavore
771 2878 944 2947 occaecatis
962 2879 1070 2940 animis

85 2963 269 3035 comebant;
291 2971 320 3024 ct
341 2971 428 3026 erant
445 2963 591 3041 deprensi
605 2979 719 3038 genem
733 2979 855 3040 pupnae
868 2963 900 3024 in
916 2963 1001 3038 quod
1015 2965 1069 3024 mi-

85 3048 167 3109 nime
186 3049 251 3124 apti
272 3055 352 3110 suut.
390 3065 460 3109 uam
479 3047 739 3124 quemadmodum
758 3046 946 3120 comminus,
966 3047 1019 3108 ubi
1038 3048 1069 3107 in

85 3133 184 3192 vicem
204 3133 267 3208 pati
287 3141 319 3192 ct
336 3132 449 3194 inicere
468 3131 701 3208 vulneratiae,
726 3132 869 3194 accendit
888 3131 934 3192 ira
948 3131 1067 3192 animas

84 3231 202 3293 eorum,
216 3216 258 3277 ita
270 3215 324 3277 ubi
337 3231 378 3276 cx
391 3218 510 3279 occidte
525 3223 555 3276 et
568 3217 677 3291 procul
692 3215 813 3278 leuibus
825 3215 892 3277 tetis
904 3214 1067 3275 vulneran-
1165 3235 1166 3239 ¹

83 3305 134 3360 tur
147 3315 207 3360 uec
221 3317 283 3378 quo
298 3307 389 3376 ruant
401 3316 495 3362 caeco
511 3300 626 3375 impetu
638 3299 760 3372 hahent,
776 3300 860 3362 velut
874 3299 958 3358 ierac
968 3305 1068 3360 mans·

84 3383 166 3445 lixae
180 3385 209 3444 iu
226 3401 301 3448 suos
317 3395 431 3446 temere
444 3385 610 3450 incurrunt.
641 3384 804 3458 detegebat
817 3383 946 3442 vulnera
960 3397 1066 3444 eorum

85 3470 169 3542 quod
191 3469 265 3530 nudi
285 3476 436 3544 pugnant,
461 3475 490 3528 et
505 3476 575 3528 sunt
589 3467 659 3529 fusa
673 3475 703 3528 et
718 3466 849 3527 candida
863 3482 1010 3541 corpora,
1032 3478 1068 3531 ut

125 3569 152 3610 τ.
174 3569 236 3611 mvi
258 3569 335 3613 aues
357 3553 399 3612 IV
675 3569 677 3572 ·
822 3559 857 3610 22
