2480 3904
184 237 249 306 M
334 237 446 299 LIBER
455 237 579 300 XXXV.
603 235 798 298 CAP.3l.35.
822 238 858 310 [s.
871 238 1018 306 uacuo}

186 396 328 456 sinerent.
352 399 382 453 et
396 389 552 466 simplices
573 390 713 451 homines
734 384 947 450 misericordia
957 394 991 449 ct
1003 387 1161 464 improbos

186 477 415 551 seditiososque
432 474 620 534 immiscendi
634 487 686 534 res
701 473 830 534 tumultu
843 473 983 534 Aetolico
1003 488 1081 548 spes
1100 489 1161 532 mo·

186 563 244 621 vit:
272 573 328 636 pro
349 559 538 633 seduleque
557 555 872 618 revocariluhebant.
904 556 952 616 his
974 558 1162 632 praeparatis

186 644 307 706 Diocles
322 656 391 702 cum
406 643 488 702 omni
503 642 638 717 equitnm
648 673 691 685 -
702 649 731 700 et
742 647 881 701 eraldum
893 643 1162 716 praetectusoqni·

185 735 248 789 tum
259 727 417 803 *specie
426 726 603 786 reducentis
612 726 753 786 exsulem
763 723 917 799 hospitem
932 726 1103 800 proiectus,
1115 725 1163 783 'die

186 827 222 873 ac
237 818 327 872 necte
342 812 450 884 inpcns
465 811 521 871 ltcr
535 822 695 880 emensus,
709 823 781 868 cum
795 809 877 868 milia
892 823 952 868 serr
966 809 1005 868 ab
1020 809 1101 868 urbe
1115 807 1162 868 ele
1176 837 1178 844 v

185 901 283 970 esset,
299 896 366 954 luce
381 894 479 968 prime
492 893 588 954 uibus
598 890 709 954 alecus
719 892 844 967 turmis,
860 901 962 952 cetera
974 893 1164 952 multitudine

185 977 321 1054 connum
347 977 497 1054 subsequi
524 979 624 1052 iussa,
647 976 830 1052 praecessit
867 983 1034 1051 poetaram
1060 984 1164 1052 portae

185 1062 468 1139 appropinquabat,
491 1063 614 1122 desilire
636 1074 743 1122 omnes
760 1073 803 1119 ert
824 1061 913 1135 cursis
934 1061 1027 1121 iussit
1041 1069 1075 1120 et
1095 1060 1164 1122 loris

185 1148 299 1207 ducere
313 1159 428 1222 equos,
444 1145 559 1207 itineris
574 1147 705 1206 martimo
719 1145 812 1205 modo
825 1143 935 1206 solutis
944 1145 1122 1219 ordinibus,
1134 1150 1165 1202 nt

186 1231 346 1292 comitatus
361 1233 458 1306 nangis
474 1230 620 1306 praelecti
634 1230 790 1289 videretur
797 1243 893 1304 quum
906 1227 1109 1302 praesidium.
1126 1227 1162 1289 ibi

184 1329 246 1375 una
258 1329 299 1375 en
312 1315 421 1375 ‘tunnis
437 1316 477 1374 nd
492 1321 611 1390 portam
625 1313 745 1386 relicta,
768 1325 808 1372 ne
826 1311 950 1373 excludi
960 1313 1162 1390 *subsequens

185 1399 338 1474 equitatus
353 1406 476 1473 posset,
495 1391 596 1458 medie
605 1398 685 1458 urbe
701 1411 737 1458 ue
753 1409 807 1472 per
819 1398 938 1469 'iontnu
956 1411 1055 1458 manu
1069 1397 1162 1472 enep-

186 1482 306 1543 loehum
319 1477 427 1544 tenens
442 1481 543 1542 multis
558 1481 790 1544 occurrentibus
809 1480 1161 1558 grntutmdbusqnedn-

185 1583 266 1626 mum
281 1563 418 1628 deduxit.
440 1576 515 1626 mox
535 1567 670 1642 equitum
686 1566 776 1640 plena
790 1565 864 1626 urbs
879 1571 959 1638 eret,
978 1573 1011 1626 at
1024 1567 1099 1627 loce
1112 1579 1157 1638 op

186 1658 317 1723 portura
332 1651 570 1725 occupabantur.
590 1656 655 1710 tum
670 1649 700 1708 ln
713 1649 825 1710 domes
836 1648 927 1710 missi
943 1649 995 1724 qui
1005 1649 1162 1724 principes

186 1733 336 1794 adversae
351 1735 491 1794 factionis
509 1733 722 1795 interficerent
745 1733 786 1794 itu
799 1729 969 1794 Demetrias
984 1735 1163 1794 Aetolorum

186 1818 265 1877 lacta
280 1825 337 1878 est.
685 1865 689 1870 .

268 1897 389 1961 XXXV.
422 1903 654 1964 Lacedaemone
673 1915 735 1962 non
755 1900 824 1980 urpi
842 1902 893 1962 vis
914 1903 1088 1964 adserenda
1106 1901 1162 1963 scd

185 1992 334 2062 tyrannus
349 1986 421 2046 dolo
436 1987 606 2061 capiendus
619 1995 701 2060 mat,
719 1997 810 2062 quem
825 1984 988 2062 spoliatum
1006 1987 1162 2048 maritimis

186 2069 309 2142 oppidis
331 2069 369 2129 ab
390 2069 551 2142 leomanis,
576 2075 648 2128 tunc
669 2071 747 2130 intra
765 2071 890 2130 moenia
902 2071 993 2132 etiam
1007 2071 1163 2132 Lacedae

186 2152 286 2212 monis
307 2153 345 2210 ab
360 2153 494 2212 Achaei-s
516 2155 708 2226 compulsum
731 2155 784 2230 qui
806 2161 992 2230 occupasset
1010 2155 1161 2224 occidere,

186 2249 255 2292 eum
266 2234 358 2294 totius
370 2237 496 2309 gratiam
505 2236 552 2295 rei
563 2237 646 2310 apud
657 2237 921 2316 [lacedaemonius
930 2240 1074 2299 laturum.
1097 2249 1163 2298 ceu·

185 2331 251 2376 sam
265 2318 400 2378 mittendi
415 2319 454 2378 nd
470 2332 539 2378 eum
551 2319 738 2393 hahuerunt,
756 2315 997 2398 quddlutigubet
1008 2323 1162 2398 precibus,

185 2408 217 2460 ut
232 2403 345 2462 auxilia
360 2403 432 2473 sini,
448 2415 517 2462 cum
533 2403 591 2464 illis
606 2405 783 2466 dulcioribus
797 2405 992 2479 rebellasset,
1009 2407 1162 2468 mitteren-

185 2495 242 2545 tur.
265 2487 346 2546 mille
360 2487 479 2563 pedites
495 2490 683 2550 Alexameno
699 2490 761 2550 dati
774 2495 863 2562 sunt,
879 2490 1043 2566 cttriginta
1053 2489 1161 2552 ddceti

185 2587 225 2630 ex
240 2571 394 2633 iuventute
406 2572 538 2648 ¹eternitas.
560 2573 598 2633 ils
612 2587 631 2632 a
646 2569 972 2648 praeterellumoorito
987 2574 1017 2634 in
1035 2573 1163 2636 consitio

177 2671 298 2740 ,arcano
312 2657 427 2733 gentis,
449 2657 489 2716 de
506 2668 573 2733 ouo
591 2665 665 2718 enne
680 2656 792 2718 dietum
807 2665 869 2730 cst,
895 2656 1107 2732 denuntiatur,
1128 2671 1164 2716 nc

185 2755 220 2798 se
234 2741 278 2798 ad,
290 2741 401 2801 bellum
415 2739 949 2817 Acuaicnmantremnttam,1quem
961 2753 1019 2804 sua
1031 2743 1162 2818 quisque

185 2822 329 2895 opinione
344 2823 522 2898 praecipere
530 2830 659 2896 posset,
676 2826 836 2886 crederent
847 2827 960 2887 missos
971 2837 1053 2887 esse.
1077 2826 1162 2902 quid-

184 2905 258 2978 quid
272 2907 494 2965 Alexamenum
503 2917 558 2965 'r'es
573 2907 723 2968 movisset
734 2911 828 2970 subiti
838 2909 964 2971 ¹cerlsilii
978 2923 1110 2986 capere,
1123 2908 1162 2968 ad

184 2987 229 3058 id,
260 2990 400 3061 quamvis
421 2989 609 3063 inopinatum
627 2993 820 3053 temerarium
839 2993 958 3067 andex,
983 2995 1164 3055 obedienter

184 3071 416 3146 exsequendum
427 3073 523 3146 parati
531 3081 645 3148 essent,
657 3091 694 3136 ac
707 3091 762 3151 pru
771 3091 809 3138 eo
822 3078 999 3153 acciperent
1008 3085 1161 3155 tamquam

184 3155 224 3213 ad
244 3154 274 3214 id
294 3170 386 3214 unum
408 3155 559 3230 agendum
579 3157 701 3220 missos·
714 3161 753 3221 ab
773 3162 864 3222 domo
881 3177 921 3223 se
942 3163 1065 3222 scirent.
1094 3171 1160 3224 oum

184 3237 230 3296 iris
247 3239 287 3298 ita
302 3239 490 3314 praeparatis
502 3241 710 3305 Alexamenus
726 3246 765 3305 ad
779 3252 942 3323 tyrannum
952 3244 1054 3319 uenit,
1072 3257 1160 3321 quom

183 3321 351 3384 adveniens
363 3323 518 3398 extemplo
534 3325 602 3400 spei
622 3324 773 3404 implevit=
795 3329 1053 3391 Antiochumiam
1063 3335 1159 3390 trans·

183 3405 246 3462 isse
263 3405 292 3464 in
306 3406 475 3482 Europam,
493 3420 565 3469 mox
576 3409 748 3474 inGraecia
759 3413 839 3488 lore,
853 3411 1159 3476 terrasmerieurmis

184 3485 500 3566 viriscompl‘eturum.
523 3509 585 3554 non
598 3507 666 3554 cum
677 3495 817 3572 Philippo
829 3509 893 3558 rem
905 3513 977 3559 csse
989 3498 1158 3560 credituros
