2482 3900
191 225 233 290 28
372 227 487 287 LIBER
501 225 606 284 xxxi.
630 222 712 282 cap.
728 230 771 284 31.
791 227 828 296 [ι.
841 225 913 280 tta.
926 227 989 294 aaa]

192 380 272 441 imus
289 377 421 439 Siciliam
436 373 626 454 provinciam
641 381 777 436 nostram
792 389 879 448 esse,
895 381 925 434 et
940 373 1076 436 civitates
1093 391 1178 450 quae

192 462 224 524 in
242 469 328 538 parte
343 459 636 534 Carthaginiensium
657 460 778 520 luerunt
793 465 822 518 et
835 473 898 518 uno
914 457 1015 518 animo
1031 473 1099 519 cum
1115 458 1177 518 illis

193 546 345 607 adversus
370 559 428 604 nos
449 544 562 604 bellurn
583 549 760 618 gesserunt,
786 539 1002 617 stipendiarias
1024 540 1116 602 uobis
1139 557 1177 602 ac

192 627 359 704 vectigales
380 642 468 688 esse=
492 627 564 702 quin
586 633 692 688 contra
705 626 766 687 hoc
780 632 811 687 et
823 641 882 686 vos
897 631 928 686 et
943 639 1050 686 omnes
1065 631 1176 700 gentes

193 711 274 774 scire
286 711 441 785 volumus,
456 727 514 786 pro
528 710 636 771 merito
648 711 760 786 cuique
772 725 844 784 erga
856 725 915 770 nos
928 709 1080 770 lomunam
1091 724 1176 769 esse.

193 811 232 856 en
255 795 476 870 Campanorum
497 809 631 870 poenae,
658 794 697 854 de
717 809 779 868 qua
800 809 838 852 ne
860 792 919 868 ipsi
941 791 1064 868 quidem
1086 791 1176 868 queri

194 887 341 954 possunt,
364 894 421 939 nos
437 878 610 952 paeniteatl
631 877 661 937 hi
676 876 831 950 homines,
853 891 921 936 cum
936 891 993 950 pro
1007 875 1046 936 iis
1060 874 1176 935 bellum

193 962 345 1022 adversus
370 961 522 1022 Samnites
552 976 608 1036 per
629 976 728 1022 annos
755 975 854 1036 prope
882 959 1076 1036 septuaginta
1106 975 1175 1020 oum

193 1045 313 1120 magnis
334 1046 448 1106 nostris
469 1044 608 1106 cladibus
623 1043 847 1120 gessissemus,
867 1043 956 1118 ipsos
971 1042 1097 1104 loedere
1113 1043 1174 1117 pri·

193 1145 285 1204 mum,
300 1129 412 1189 deinde
424 1128 555 1190 conubio
567 1133 660 1204 atque
672 1126 915 1203 cognationibus,
930 1131 1086 1202 postremo
1102 1125 1175 1186 civi-

193 1219 254 1273 tate
269 1213 359 1273 nobis
374 1211 652 1285 coniunxissemus,
667 1217 806 1286 ternpore
820 1217 927 1271 nostro
939 1208 1072 1272 adverso
1083 1210 1176 1284 primi

195 1297 329 1358 omnium
344 1295 449 1358 ltaliae
466 1297 661 1372 populorum,
684 1295 839 1370 praesidio
854 1300 961 1355 nostro
977 1293 1068 1354 loede
1082 1293 1171 1353 inter-

194 1380 289 1454 iecto,
319 1381 359 1440 ad
382 1379 582 1440 Hannibalem
606 1378 799 1448 deiecerunt;
831 1375 943 1439 deinde
967 1376 1111 1452 indignati
1137 1393 1176 1437 se

195 1460 332 1524 obsideri
346 1461 491 1536 anobis,
513 1461 715 1522 Hannibalem
735 1463 774 1522 ad
791 1459 1030 1538 oppugnandam
1044 1461 1173 1520 Romam

194 1545 349 1606 miserunt.
382 1543 491 1606 horum
512 1545 538 1605 si
559 1561 662 1620 neque
681 1546 756 1606 urbs
776 1545 846 1621 ipsa
866 1559 968 1622 neque
981 1543 1074 1604 homo
1090 1544 1175 1620 quis·

194 1644 286 1702 quarn
298 1635 486 1703 superesset,
501 1627 569 1704 quis
580 1628 611 1688 id
624 1627 731 1689 durius
743 1645 833 1704 quam
845 1645 902 1705 pro
914 1627 1020 1689 merito
1035 1627 1175 1702 ipsorum

194 1717 338 1772 statutum
359 1711 509 1786 indignari
531 1717 663 1787 posseti
683 1714 787 1788 plures
803 1713 924 1774 sibimet
937 1709 998 1788 ipsi
1013 1711 1174 1772 conscien-

191 1795 235 1855 tia
246 1796 398 1857 scelerum
410 1802 536 1856 mortem
549 1795 773 1870 consciverunt,
789 1813 880 1872 quam
895 1795 934 1856 ab
949 1793 1039 1856 nobis
1055 1795 1174 1870 suppli-

194 1875 242 1938 cio
257 1878 370 1940 adlecti
384 1887 464 1940 sunt.
488 1880 597 1941 ceteris
610 1880 651 1940 ita
664 1880 821 1956 oppidum,
833 1881 874 1940 ita
886 1895 978 1954 agros
994 1878 1175 1952 ademimus,

193 1968 226 2021 ut
247 1978 352 2037 agrum
372 1965 538 2038 locumque
559 1964 598 2024 ad
613 1963 810 2024 habitandum
826 1963 985 2037 daremus,
1006 1963 1115 2023 urbem
1131 1963 1175 2022 in-

193 2047 317 2106 noxiam
338 2053 420 2107 stare
441 2047 623 2108 incolumem
640 2053 827 2122 pateremur,
850 2055 883 2108 ut
899 2046 951 2121 qui
965 2045 1058 2108 hodie
1071 2045 1176 2107 videat

193 2143 269 2202 eam,
290 2132 405 2191 nullum
421 2137 618 2205 oppugnatae
633 2137 781 2206 captaeve
795 2129 837 2190 ihi
851 2131 1014 2205 vestigium
1029 2128 1175 2192 inveniat

193 2212 250 2272 sed
266 2213 340 2287 quid
353 2229 412 2288 ego
429 2212 563 2288 Capuam
579 2213 658 2287 dico,
675 2229 743 2275 cum
761 2213 931 2288 Carthagini
948 2214 1047 2274 victae
1063 2228 1174 2288 pacem

192 2311 229 2356 ac
248 2295 418 2357 libertatem
440 2296 624 2359 dederimus.
660 2297 758 2372 magis
773 2298 848 2358 illud
863 2305 912 2358 est
928 2297 1115 2372 periculum,
1136 2312 1175 2357 ne

191 2378 280 2438 nimis
302 2380 391 2440 lacile
411 2377 500 2440 victis
522 2379 712 2456 ignoscendo
728 2383 832 2456 plures
848 2381 887 2442 ob
902 2380 933 2441 id
949 2381 1050 2456 ipsum
1065 2383 1107 2442 ad
1122 2397 1174 2441 ex·

191 2463 373 2538 periundam
394 2465 545 2526 adversus
565 2481 623 2526 nos
645 2467 798 2526 fortunam
811 2463 883 2527 belli
897 2462 1067 2526 incitemus.
1097 2465 1175 2524 haec

191 2562 249 2622 pro
264 2546 353 2608 nobis
363 2547 451 2624 ¹dicta
465 2549 534 2623 sint,
549 2549 627 2610 haec
641 2549 791 2610 adversus
806 2547 995 2624 Philippum
1018 2549 1107 2609 cuius
1120 2550 1173 2609 do-

190 2630 318 2692 mestica
332 2631 497 2708 parricidia
510 2639 541 2693 et
555 2639 753 2710 cognatorum
770 2633 1000 2709 amicorumque
1015 2633 1130 2693 caedes
1147 2639 1176 2692 et

190 2712 345 2774 libidinem
369 2715 611 2778 inhumaniorem
636 2733 736 2792 prope
758 2733 849 2792 quam
870 2718 1080 2779 crudelitatem
1104 2733 1174 2790 voS,

191 2813 253 2871 quo
268 2799 430 2872 propiores
444 2799 645 2860 Macedoniae
660 2799 749 2873 estis,
767 2803 875 2862 melius
892 2803 999 2864 nostis·
1033 2801 1119 2876 quod
1136 2800 1175 2861 ad

190 2895 248 2940 vos
263 2881 376 2953 attinet,
397 2882 510 2956 Aetoli,
529 2899 588 2943 nos
603 2899 659 2957 pro
674 2883 764 2945 vobis
779 2884 891 2946 bellurn
908 2884 1104 2962 suscepimus
1120 2885 1175 2945 ad-

189 2979 301 3024 versus
316 2963 504 3042 Philippum,
519 2983 578 3028 vos
593 2965 661 3027 sine
675 2968 765 3029 nobis
781 2984 850 3029 cum
866 2985 903 3030 eo
920 2985 1028 3046 pacem
1043 2968 1173 3030 fecistis.

190 3053 220 3107 et
240 3046 366 3109 iorsitan
389 3049 513 3124 dicatis,
534 3050 615 3110 bello
631 3049 745 3112 Punico
765 3053 924 3129 occupatis
940 3051 1030 3115 nobis
1046 3060 1173 3114 coactos

189 3139 270 3192 metu
291 3147 349 3193 vos
369 3132 453 3208 leges
476 3133 562 3210 pacis
585 3134 623 3194 ab
648 3149 685 3196 eo
708 3136 840 3211 quitum
862 3139 933 3214 plus
949 3143 1069 3214 poterat
1083 3151 1173 3197 acce

188 3214 291 3290 pisse:
307 3221 337 3276 et
347 3233 414 3292 nos,
428 3233 496 3278 cum
508 3218 568 3278 alia
577 3218 856 3297 maioraurgerent,
865 3223 1039 3298 depositum
1052 3221 1172 3282 avobis

187 3299 301 3360 bellum
323 3307 354 3361 et
372 3301 432 3376 ipsi
453 3301 621 3364 omisimus.
656 3321 739 3366 nuno
759 3311 790 3366 et
804 3321 861 3366 nos
880 3307 971 3367 deum
984 3304 1173 3379 benignitate

187 3381 303 3445 Punico
318 3385 455 3458 perlecto
471 3384 551 3448 bello
566 3385 637 3448 totis
651 3385 768 3448 viribus
784 3389 897 3450 nostris
912 3389 942 3450 in
956 3387 1172 3450 Macedoniam

188 3464 399 3528 incubuimus:
422 3475 452 3530 et
470 3470 560 3531 vobis
580 3471 759 3532 restituendi
773 3489 831 3534 vos
847 3474 876 3532 in
892 3473 1054 3533 araioitiam
1070 3472 1166 3532 socie·
