2482 3902
200 217 263 284 112
336 217 451 280 LIBER
464 217 597 278 XXXIII.
619 217 701 278 CAP-
714 224 757 280 34.
772 223 816 280 35.
840 223 876 290 [a.
893 221 926 274 U.
942 239 967 276 c.
978 221 1042 289 566]

201 375 232 436 in
243 374 381 436 libertate
395 388 467 434 esse
479 371 592 433 debere
604 371 703 432 omnis
714 370 829 446 utique
845 370 979 432 Graecas
992 369 1096 430 urbes.
1110 378 1178 431 ante

200 460 305 522 omnia
319 456 538 529 donandatum,
553 472 594 518 ne
607 454 639 516 in
654 455 810 530 Europam
824 463 877 518 aut
890 452 959 529 ipse
973 454 1118 516 transiret
1131 462 1178 516 aut

201 542 310 618 copias
325 541 476 602 traiceret
518 539 654 602 dimIssis
668 539 751 615 regis
765 537 875 614 legatis
891 546 1063 601 conventus
1077 537 1177 598 civita-

200 635 264 688 tum
279 626 476 701 gentiumque
490 631 538 686 est
551 623 656 686 lraberi
672 630 819 699 coeptusr
833 639 936 699 eoque
950 621 1099 684 maturius
1113 638 1177 698 per-

200 710 364 784 agebatur,
381 709 465 784 quod
481 708 606 770 decreto
621 707 729 772 decem
743 708 913 784 legatorum
928 706 1069 768 civitates
1086 705 1177 768 nomi·

201 791 296 855 natira
316 791 597 869 pronuntiabantur.
634 790 752 854 Orestis
766 823 808 838 ν-
821 791 1028 854 Macedonum
1049 806 1088 860 aa
1106 807 1177 868 gens

200 885 250 940 est
262 911 314 950 -ψι,
331 877 416 954 quod
430 875 519 953 primi
533 875 572 938 ah
583 891 657 951 rege
671 876 874 950 deiecissent,
889 891 966 937 suae
980 876 1067 952 leges
1082 875 1177 940 reddi-

199 971 260 1024 tae.
281 961 441 1037 Magnetes
456 967 486 1022 et
498 959 662 1024 Perrhaebi
673 967 704 1022 et
714 960 851 1035 Dolopes
866 958 954 1020 liberi
970 975 1098 1036 quoque
1112 976 1176 1036 pro-

198 1044 338 1107 nuntiati.
360 1043 577 1107 Thessalorum
592 1043 676 1120 genti
686 1051 808 1120 praeter
818 1044 989 1106 libertatem
1000 1059 1176 1110 concessam

200 1128 319 1190 Achaei
332 1127 492 1192 Plnldetae
506 1127 586 1204 dati,
602 1127 715 1192 Thebis
729 1127 908 1192 Phthioticis
923 1136 953 1190 et
965 1127 1113 1190 Pharsalo
1129 1144 1175 1188 ex·

201 1223 300 1290 cepta.
339 1214 469 1284 Aetolos
490 1213 530 1276 de
543 1212 689 1276 Pharsalo
708 1220 739 1276 et
757 1212 901 1280 Leueade
920 1213 1130 1288 postulantes,
1148 1219 1177 1272 ut

200 1315 242 1359 ex
262 1299 389 1360 loedere
411 1297 470 1358 sibi
494 1296 741 1370 restituerentur,
766 1298 808 1358 ad
832 1306 973 1363 senatum
998 1295 1176 1360 reiecemnt

199 1381 377 1445 Phocenses
391 1382 643 1457 Locrensesque,
664 1382 744 1444 sicut
758 1389 829 1444 ante
843 1382 978 1456 inerant,
994 1381 1116 1444 adiecta
1129 1380 1176 1443 de-

200 1466 275 1528 creti
290 1464 472 1528 auctoritate
486 1463 525 1524 iis
541 1464 780 1530 eouoihueruut.
803 1465 966 1528 corinthus
981 1473 1012 1528 et
1025 1462 1177 1543 Triphylia

199 1558 231 1611 et
249 1550 370 1612 Heraea
394 1581 438 1596 --
461 1547 668 1624 Peloponnesi
690 1557 720 1612 et
739 1548 810 1625 ipsa
829 1551 903 1612 urbs
924 1557 973 1612 est
1002 1585 1040 1596 -
1062 1547 1177 1610 reddita

199 1633 345 1694 Achaeis.
388 1631 500 1694 Oreum
521 1639 552 1694 et
570 1631 719 1696 Eretriam
734 1634 842 1696 decem
857 1631 950 1710 legati
962 1631 1093 1696 Eumeni
1105 1631 1176 1708 regi,

199 1715 294 1778 Attali
311 1715 391 1791 tilio,
412 1709 538 1778 dehent
577 1716 778 1781 dissentiente
800 1717 940 1792 Quinctio
955 1734 993 1780 ea
1006 1733 1070 1780 una
1083 1732 1135 1778 res
1148 1716 1175 1776 in
1227 1765 1228 1770 ,

199 1798 358 1860 arbitrium
372 1807 498 1862 senatus
512 1798 701 1866 reiecisset:
718 1810 845 1866 senatus
860 1801 1029 1864 libertatern
1042 1800 1093 1862 his
1109 1800 1175 1861 ciri-

199 1881 313 1946 tatibus
326 1883 420 1958 dedit,
436 1883 565 1963 Carysto
576 1885 706 1950 adiecta.
727 1884 867 1951 Pleurato
879 1886 1060 1965 Lychnidus
1072 1884 1177 1948 etPar·

199 1967 276 2030 thini
297 1967 375 2030 dati=
398 1969 571 2047 lllyriorum
590 1978 721 2046 utraque
741 1986 819 2046 gens
834 1971 892 2034 sub
914 1969 1037 2033 dictem
1050 1966 1177 2046 Philippi

200 2053 331 2116 ruerant.
352 2054 587 2130 Amynandrum
597 2062 704 2116 tenera
715 2053 873 2116 iusserunt
884 2056 1019 2130 castella,
1034 2070 1116 2131 quae
1127 2069 1178 2130 par

199 2136 272 2197 belli
287 2144 409 2211 tempus
424 2135 564 2214 Philippo
580 2146 670 2214 capte
683 2139 860 2202 ademisset.

284 2219 405 2282 XXXV.
425 2219 559 2284 Dindsso
576 2231 731 2286 conventu
744 2223 853 2286 decern
867 2221 975 2298 legati,
998 2222 1103 2298 partiti
1116 2240 1176 2284 mu-

199 2302 251 2366 nia
261 2299 341 2366 hrter
351 2319 396 2378 se,
411 2304 452 2368 ad
465 2303 641 2370 liberandas
653 2323 729 2368 suae
744 2307 879 2384 quisque
889 2307 1026 2383 regionis
1041 2308 1177 2370 civitates
1225 2371 1226 2390 ,

198 2385 420 2464 discesserunt,
433 2387 466 2450 P.
476 2389 622 2452 Lentulus
633 2391 804 2470 Bargylias,
818 2391 852 2452 L.
865 2389 1027 2457 Stertinius
1038 2391 1171 2468 Hephae

198 2470 288 2536 stium
302 2479 333 2534 et
345 2472 480 2538 Thasum
495 2481 525 2536 et
537 2474 684 2539 Thraciae
698 2474 800 2550 urbas,
813 2474 965 2537 P.Villius
980 2482 1011 2536 et
1022 2475 1057 2536 L.
1069 2477 1175 2538 Teren-

197 2555 258 2619 tius
278 2557 319 2618 ad
338 2573 444 2635 regem
464 2557 666 2632 Antiochum,
692 2559 745 2620 cn.
762 2558 922 2622 Cornelius
942 2559 983 2620 ad
996 2557 1173 2636 Philippum

94 2673 97 2679 ·
198 2641 252 2716 qui
266 2642 305 2702 de
320 2641 490 2708 minorihus
504 2644 599 2708 rebus
614 2644 703 2706 editis
724 2643 875 2706 mandatis
897 2651 1132 2720 percunctatus,
1152 2641 1176 2704 si

196 2725 361 2790 consitum
382 2743 444 2788 non
464 2728 538 2790 utile
557 2729 658 2794 solem
678 2729 735 2790 sed
753 2725 845 2792 etiarn
866 2729 1001 2795 salutare
1020 2727 1177 2790 admittere

196 2807 323 2868 auribus
345 2817 468 2884 posset,
491 2825 561 2872 cum
579 2827 636 2872 rex
655 2809 769 2886 gratias
792 2829 918 2888 quoquo
932 2827 968 2877 se
981 2820 1121 2878 acturum
1135 2812 1177 2872 di·

198 2897 290 2961 earet,
307 2891 334 2954 si
350 2891 522 2967 quidquod
533 2893 563 2954 in
575 2910 640 2956 rem
652 2911 740 2964 suam
752 2903 836 2960 esset
846 2905 1053 2972 expromeret,
1067 2911 1176 2972 magno

197 2974 336 3048 opereei
354 2974 466 3048 suasit,
488 2977 633 3052 quonian
653 2995 762 3054 pacem
781 2982 993 3058 impetrasset,
1017 2981 1060 3042 ad
1079 2979 1176 3044 socie-

196 3063 288 3153 tatem
302 3056 528 3135 amicitiamque
539 3063 703 3138 petendam
716 3064 846 3128 mitteret
855 3066 986 3130 Romam
997 3066 1126 3142 legatos,
1139 3079 1176 3126 ne

196 3157 223 3202 sr
239 3139 315 3216 quid
327 3141 499 3206 Antiochus
515 3155 662 3222 moveret,
677 3157 880 3224 exspectasse
893 3157 923 3212 et
934 3156 1108 3226 temporum
1123 3165 1176 3224 op·

195 3224 398 3300 portunitales
421 3235 564 3302 captasse
585 3231 626 3293 ad
645 3231 854 3296 rebellandmn
870 3232 968 3306 videri
983 3241 1104 3310 posset
1137 3231 1175 3294 ad

194 3308 308 3406 Tempe
323 3310 501 3376 Thessalica
513 3311 673 3390 Philippus
695 3324 743 3378 est
762 3323 944 3380 conventus.
988 3315 1042 3393 qui
1057 3333 1126 3380 cum
1140 3332 1175 3378 se

194 3407 359 3457 missurum
370 3397 525 3472 extemplo
538 3397 657 3473 legatos
668 3400 893 3476 respondisset,
911 3401 1072 3467 Cornelius
1082 3401 1172 3462 Ther-

194 3477 351 3553 mopylas,
376 3478 428 3540 ubi
450 3481 595 3556 frequens
616 3481 763 3546 Graeciae
778 3483 865 3546 stads
880 3485 990 3550 diebus
1006 3501 1080 3550 esse
1095 3484 1172 3546 solet
