2482 3900
271 219 385 304 arnan
399 245 517 304 mrxu.
540 245 678 308 canae.
701 247 782 323 [uc.
797 250 858 327 ras]
1016 247 1055 312 tt

73 399 206 461 conside
220 405 349 472 gestum.
373 414 441 457 cnm
455 398 534 458 dnos
550 398 701 459 exercitus
716 398 746 458 in
761 399 920 474 provincia
932 399 1053 461 habuis·

74 490 137 558 set,
160 498 256 542 unum
270 487 435 554 retentum,
458 497 548 556 quem
564 481 669 544 dimitti
685 481 854 556 oportebat,
869 483 918 544 cui
934 483 965 542 L.
983 485 1055 544 Cor-

74 566 175 626 nelius
197 566 365 640 proconsul
386 565 608 640 praefuerat-
622 565 689 640 ipse
710 565 738 624 ei
760 565 947 627 c.ile1vium
967 583 1055 642 prae·

75 657 174 709 torem
189 648 337 724 praefecit
350 681 403 722 -,
418 649 554 722 alterum,
570 664 660 724 quem
674 649 704 708 in
717 649 906 724 provinciam
917 650 1054 724 adduxit,

73 740 171 794 totum
186 747 283 807 prope
295 747 407 791 armum
420 731 674 793 Cremonensibus
685 732 930 810 Placentinisque
942 749 1056 809 cogen-

73 817 122 876 dis
136 817 240 874 redire
260 815 458 888 incolomes,
481 815 563 874 unde
578 815 648 876 belli
664 816 788 876 casibus
804 815 944 894 dissipati
959 826 1053 893 erant,

72 900 276 974 consumpsit.
551 961 554 965 ,

159 982 256 1056 Quem
272 981 311 1042 ad
325 981 448 1042 modum
461 981 556 1044 Gallia
571 989 691 1058 praeter
705 999 792 1060 spem
808 983 911 1059 quieta
922 999 959 1044 eo
974 999 1053 1046 anno

73 1067 136 1139 luit,
153 1065 196 1126 ita
211 1066 293 1125 circa
306 1066 411 1125 urbem
427 1066 546 1126 servilis
562 1082 660 1142 prope
674 1068 821 1126 tumultus
835 1073 883 1128 est
894 1068 1053 1128 excitatus.

74 1149 203 1211 obsides
221 1149 510 1224 Carthaginiensium
526 1147 627 1210 Setiae
642 1150 899 1210 custodiebantur.
923 1165 992 1210 curn
1007 1151 1053 1225 iis,

73 1241 103 1293 nt
119 1231 295 1308 principum
310 1233 422 1305 liberis
438 1249 548 1306 magna
561 1233 608 1292 vis
624 1249 784 1294 servorum
800 1240 873 1293 erat.
902 1234 1054 1308 augebant

72 1333 180 1378 eorum
203 1331 377 1390 numerum,
398 1323 431 1376 ut
452 1316 490 1376 ab
510 1317 624 1377 recenti
637 1318 743 1376 Africo
764 1317 859 1390 bello,
880 1322 910 1376 et
923 1316 962 1376 ab
976 1317 1053 1391 ipsis

70 1399 187 1460 Setinis
200 1399 321 1475 captiva
332 1400 448 1474 aliquot
459 1399 590 1460 nationis
602 1400 667 1460 eius
679 1407 781 1475 empta
792 1415 831 1460 ex
844 1401 959 1474 praeda
970 1415 1053 1460 man·

71 1485 164 1558 cipia.
190 1499 259 1544 curn
275 1483 514 1544 coniurationem
530 1484 683 1556 iecissent,
700 1484 803 1544 missis
819 1499 857 1544 ex
874 1500 910 1544 eo
926 1499 1052 1545 numero

72 1569 204 1643 primunr
227 1565 277 1641 qni
300 1567 328 1626 in
345 1565 449 1628 Setino
466 1583 555 1642 agro,
578 1568 689 1627 deinde
704 1568 785 1628 circa
798 1567 930 1629 Norbam
946 1574 976 1626 et
992 1569 1052 1628 Cir-

70 1653 158 1712 ceios
174 1649 299 1711 servitia
314 1650 524 1724 sollicitarent,
541 1651 615 1710 satis
630 1651 690 1710 iam
706 1650 846 1712 omnibus
863 1653 1052 1726 praeparatis

70 1736 153 1794 ludis
170 1735 223 1810 qui
235 1733 336 1794 Setiae
350 1749 448 1808 prope
464 1733 543 1793 diem
556 1735 644 1796 lutari
657 1742 750 1806 erant,
767 1737 944 1810 spectaculo
956 1735 1052 1794 inten-

70 1825 132 1878 tum
150 1819 299 1894 populum
316 1817 441 1891 adgredi
456 1823 632 1890 statuerant,
654 1817 736 1878 Setia
751 1833 806 1892 per
821 1820 946 1878 caedem
961 1827 991 1878 ct
1005 1835 1052 1878 rc-

70 1903 233 1977 pentinum
255 1903 411 1980 tumultum
434 1909 524 1976 capta
537 1901 667 1961 Norbam
690 1909 719 1962 et
733 1901 867 1968 Circeios
889 1917 1052 1976 occupare.

71 1987 165 2046 huius
186 1985 232 2046 rei
253 1991 312 2044 tam
332 1984 441 2045 ioedae
462 1983 605 2044 indicium
624 1985 752 2045 Romam
772 1985 864 2044 ade.
882 1985 1052 2045 (tomellum

71 2069 222 2130 Merulam
247 2075 419 2143 praetorem
445 2068 529 2128 urbis
550 2069 682 2129 delatum
705 2075 761 2129 est.
798 2069 879 2130 servi
901 2069 1053 2128 ducante

71 2154 170 2214 lucem
194 2153 235 2212 ad
257 2167 325 2212 eum
344 2159 507 2224 venerunt,
529 2159 621 2228 atque
643 2152 750 2214 ordine
775 2153 877 2212 omnia
892 2166 971 2226 quae
986 2159 1052 2212 octa

71 2237 238 2311 futuraque
250 2241 559 2310 erantexposuerunt.
576 2237 688 2310 quibus
701 2236 782 2296 domi
790 2235 938 2296 custodiri
949 2235 1053 2309 iussis,

72 2327 197 2395 praetor
212 2327 320 2380 senatu
333 2325 443 2378 vocato
459 2319 645 2394 edoctaque,
662 2335 741 2395 quae
757 2319 874 2378 indices
889 2319 1053 2392 adferrent,

70 2403 230 2478 proticisci
246 2402 285 2462 ad
297 2418 363 2462 eam
376 2402 615 2464 coniurationem
628 2403 833 2477 quaerendam
845 2409 936 2476 alque
951 2403 1053 2476 oppri-

70 2487 216 2548 mendam
231 2487 345 2556 iussus,
368 2501 437 2546 curn
452 2485 588 2561 quinque
602 2485 710 2560 legatis
725 2487 882 2560 proiectus
898 2485 1006 2568 obvios
1023 2485 1054 2544 in

71 2571 154 2646 agris
179 2575 373 2630 sacramento
396 2577 521 2643 rogatos
541 2585 625 2628 arma
641 2583 751 2642 capere
766 2575 795 2626 ct
810 2568 898 2641 sequi
914 2567 1053 2641 cogebat.

70 2653 128 2715 hoc
150 2653 349 2715 tumultuario
372 2653 483 2724 dilectu
503 2651 625 2712 duobus
646 2651 766 2710 milibus
790 2651 883 2710 terme
899 2651 1054 2710 hominum

70 2739 199 2798 amictis
214 2736 344 2810 Setiam,
367 2737 507 2797 omnibns
524 2752 585 2810 quo
601 2742 742 2811 pergeret
756 2735 885 2810 ignaris,
902 2735 993 2794 venit.
1013 2735 1054 2795 ibi

70 2823 183 2897 raptim
205 2819 395 2896 principibus
419 2819 637 2882 coniurationis
658 2819 887 2894 comprehensis
904 2819 975 2894 iuga
990 2835 1054 2880 ser·

70 2922 183 2966 vorum
198 2920 239 2964 ex
254 2903 371 2978 oppido
387 2906 466 2964 iacta
480 2912 536 2964 est.
560 2903 695 2964 dimissis
709 2903 819 2964 deinde
832 2918 990 2978 peragras
1003 2904 1054 2980 qui

72 2990 263 3064 vestigarent
274 2986 335 3046 ***.
359 2989 484 3062 egregia
498 2989 628 3048 duorum
640 3003 734 3063 opera
748 3003 906 3048 servorum
920 2985 1054 3047 indicum

69 3080 99 3132 et
112 3073 208 3132 unius
231 3071 318 3132 liberi
339 3071 402 3130 luit.
435 3072 463 3130 ei
479 3079 599 3133 centum
614 3071 695 3131 milia
710 3071 812 3146 gravis
828 3071 907 3131 aeris
922 3071 987 3130 dari
1002 3087 1055 3145 pa·

71 3163 131 3216 tres
154 3155 326 3230 iusserunt,
348 3156 447 3215 servis
471 3155 578 3229 uicena
593 3156 685 3233 quina
700 3155 780 3214 milia
795 3156 875 3214 aeris
891 3161 921 3214 et
935 3153 1055 3212 liberta-

70 3247 148 3308 tem;
172 3239 303 3315 pretium
317 3253 422 3299 eorum
433 3254 473 3298 ex
484 3239 602 3300 aerario
615 3241 746 3301 solutum
758 3245 805 3298 est
816 3237 957 3308 dominis.
973 3233 1055 3294 haud

73 3322 111 3381 ita
126 3324 223 3384 multo
244 3329 317 3397 post
331 3337 369 3382 ex
386 3321 524 3382 eiusdem
545 3322 764 3384 coniurationis
785 3320 922 3395 reliquiis
937 3319 1056 3378 nuntia·

73 3412 135 3466 tum
158 3414 207 3466 cst
227 3406 352 3466 servitia
370 3403 535 3466 Praeneste
556 3414 752 3481 occupatura.
790 3419 827 3463 eo
848 3403 882 3463 L.
898 3401 1054 3462 Cornelius

74 3495 200 3563 praetor
214 3489 370 3566 proiectus
386 3489 425 3550 de
442 3489 615 3566 quingentis
631 3491 694 3550 iere
708 3487 891 3562 hominibus,
908 3487 959 3562 qui
975 3486 1002 3546 in
1019 3500 1056 3544 ea
