2480 3904
189 227 252 292 272
320 227 431 288 ornas
445 227 592 286 xxxam.
615 224 698 284 cnr.
714 232 756 285 n.
772 230 814 285 ra
837 224 1031 300 [aotam]

187 380 238 439 die
249 377 401 456 Corycum
411 375 551 436 Teiorum
566 374 806 448 promunturium
820 381 990 432 tenuenmt.
1013 373 1087 432 inde
1098 388 1165 434 cum

186 464 217 523 in
232 461 374 539 proxima
388 458 510 520 Samiae
526 458 639 517 vellent
652 456 795 529 traicere,
816 471 878 516 noo
894 463 1076 531 exspectato
1091 459 1165 517 solis

187 554 264 618 ortu,
281 561 319 604 ex
335 559 396 619 quo
412 548 521 603 statum
536 540 614 600 caeli
627 547 734 601 notare
747 540 968 614 gubernatores
979 541 1165 615 possentin

186 631 332 689 incertam
346 633 556 702 tempestatem
571 625 727 684 miserunt.
749 624 850 684 medio
863 623 1006 697 incursu,
1021 623 1166 698 aquilone

185 714 216 773 in
232 712 469 789 septentrionem
483 723 589 781 verso,
612 714 796 782 exasperato
810 705 955 767 fluctibus
969 707 1046 766 mari
1062 707 1166 768 iactari

169 803 363 871 coeperunt.
386 792 462 853 xlii.
484 789 693 870 Polyxenidas
709 790 833 850 Samum
847 790 996 864 petituros
1010 797 1097 850 ratus
1112 791 1166 851 ho-

186 881 257 953 stis,
277 885 310 938 ut
327 893 362 938 se
376 875 516 938 Rhodiae
537 874 631 936 classi
645 875 877 948 coniungerent,
900 874 938 933 ab
952 873 1080 948 Epheso
1094 890 1166 950 pro

185 964 284 1023 iectus
300 961 397 1036 primo
413 961 453 1020 ad
464 959 669 1038 Myonnesum
683 959 781 1025 stetit;
803 957 876 1016 inde
890 957 930 1016 ad
941 957 1059 1017 morin
1074 975 1167 1033 quam

185 1051 299 1106 vocant
312 1045 443 1105 insulam
457 1041 583 1116 traiecit,
598 1047 631 1101 ut
645 1039 906 1116 praetervehentis
920 1040 1031 1101 classis
1048 1040 1075 1101 si
1088 1057 1168 1116 quas

185 1128 354 1192 aberrantis
375 1144 415 1188 ex
425 1128 545 1204 agmine
555 1139 650 1184 naves
662 1131 779 1200 posset,
794 1131 847 1184 aut
855 1131 1043 1200 postremum
1056 1139 1167 1200 agmen

186 1221 360 1291 opportune
375 1211 554 1272 adoriretur.
571 1216 735 1284 postquam
746 1223 887 1283 sparsam
897 1213 1078 1284 tempestate
1087 1211 1167 1269 clas-

186 1313 251 1358 sem
274 1297 362 1368 vidit,
389 1295 583 1356 occasionem
606 1293 702 1368 primo
723 1291 923 1366 adgrediendi
944 1298 1045 1366 ratus,
1072 1295 1167 1366 paulo

185 1389 258 1456 post
272 1380 502 1438 increbescente
517 1382 608 1436 vento
623 1384 654 1436 et
667 1376 800 1436 maiores
813 1375 874 1436 iam
890 1376 1032 1446 volvente
1041 1373 1167 1449 fluctus,

186 1465 258 1540 quia
272 1462 432 1538 pervenire
449 1476 483 1520 se
498 1461 539 1520 ad
550 1475 605 1519 eos
617 1460 741 1520 videbat
751 1475 813 1519 non
826 1474 929 1534 posse,
945 1459 985 1518 ad
995 1458 1168 1520 Aethaliam

185 1548 315 1608 insulam
334 1543 464 1616 traiecit,
486 1550 519 1603 ut
539 1543 609 1602 inde
630 1550 755 1618 postero
776 1541 826 1601 die
842 1540 966 1603 Samum
980 1558 1021 1602 ex
1035 1543 1098 1604 alto
1115 1560 1167 1619 pe

183 1631 274 1690 tentis
291 1629 377 1688 navis
399 1627 626 1702 adgrederetur.
659 1628 802 1700 Romani,
824 1641 897 1701 pars
912 1626 1039 1701 exigua,
1061 1627 1166 1701 primis

184 1712 319 1772 tenebris
341 1718 461 1787 portum
484 1711 639 1770 desertum
655 1710 776 1772 Samiae
789 1717 967 1782 tenuerunt,
989 1709 1102 1770 classis
1119 1726 1166 1770 ce-

184 1804 249 1855 tera
268 1802 389 1856 noctem
409 1801 503 1854 totam
524 1795 555 1853 in
576 1796 636 1855 aito
658 1795 768 1854 iactata
783 1795 814 1854 in
829 1795 960 1854 eundem
975 1800 1099 1868 portum
1114 1795 1165 1854 de-

185 1879 287 1941 currit.
309 1878 350 1939 ibi
365 1894 404 1938 ex
421 1878 593 1953 agrestibus
610 1876 731 1954 cognito
746 1877 880 1938 hostium
894 1892 990 1938 naves
1002 1877 1043 1936 ad
1052 1878 1165 1938 Aetha—

186 1965 254 2024 liam
270 1971 366 2037 stara,
390 1962 552 2023 consilium
565 1962 713 2032 habitum,
735 1968 835 2022 utrum
849 1961 1003 2036 externplo
1018 1961 1165 2021 decerne-

184 2056 260 2121 rent,
286 2064 324 2107 on
338 2045 491 2107 Rhodiam
506 2051 723 2120 exspectarent
736 2045 877 2105 classem.
914 2045 1007 2104 dilala
1020 2059 1056 2104 re
1067 2077 1115 2091 -·-
1127 2047 1167 2106 ita

185 2133 265 2190 enim
281 2128 610 2206 placuit-Corycum,
627 2128 708 2188 unde
721 2137 878 2203 venerant,
893 2129 1086 2189 traiecerunt.
1109 2129 1165 2190 Po·

184 2213 347 2290 iyxenidas
363 2225 503 2286 quoquc,
519 2226 588 2270 cum
604 2213 716 2272 irustra
729 2211 879 2286 stetisset,
894 2211 1052 2286 Ephesmn
1065 2213 1164 2272 rediit

185 2301 247 2354 tum
257 2295 414 2355 Romanae
429 2309 524 2354 naves
540 2310 637 2356 vacuo
650 2295 689 2355 ab
701 2295 842 2356 hostibus
852 2297 929 2356 mari
939 2294 1064 2356 Samum
1076 2298 1164 2356 traie-

185 2386 298 2438 cerunt.
331 2378 441 2439 eodem
462 2385 491 2437 et
504 2378 626 2439 Rhodia
646 2380 755 2439 elassis
770 2387 843 2454 post
858 2379 925 2440 dies
939 2395 1058 2454 paucos
1073 2382 1164 2440 venit.

186 2478 276 2538 quam
298 2470 331 2523 ut
350 2468 558 2537 exspectatam
579 2478 650 2523 esse
665 2471 855 2538 appareret,.
865 2463 995 2538 proiecti
1009 2467 1164 2539 extemplo

185 2553 257 2607 sunt
269 2546 443 2621 Ephesum,
466 2553 497 2606 ut
518 2553 570 2607 aut
584 2547 784 2606 decernerent
797 2547 899 2608 navali
914 2547 1096 2621 certamine,
1117 2557 1165 2608 aut

184 2632 211 2691 si
226 2631 409 2691 detractaret
422 2629 520 2690 hostis
534 2645 677 2705 pugnam,
695 2630 778 2712 quod
793 2631 954 2705 plurimum
970 2631 1118 2692 intererat
1128 2632 1165 2691 ad

184 2715 303 2774 animos
333 2714 512 2785 civitatium,
548 2714 664 2774 timoris
693 2714 921 2774 contessionem
950 2715 1163 2790 exprimerent.

184 2803 290 2856 contra
305 2797 411 2856 lauces
426 2802 532 2869 portus
547 2794 694 2858 instructa
708 2799 739 2857 in
751 2799 880 2858 irontem
891 2797 1014 2858 navium
1027 2799 1096 2858 acie
1107 2807 1163 2860 ste·

184 2886 257 2939 tere.
280 2886 445 2954 postquam
459 2893 550 2938 nomo
565 2879 714 2940 adversus
729 2881 800 2955 ibat,
816 2881 917 2941 classe
931 2881 1032 2941 divisa
1047 2897 1122 2956 pars
1135 2883 1163 2941 in

184 2964 250 3023 salo
267 2963 306 3022 ad
322 2962 432 3022 ostium
447 2967 555 3038 portus
570 2962 600 3022 in
616 2965 737 3025 ancoris
753 2965 843 3039 stetit,
858 2981 931 3040 pars
946 2965 1103 3024 interram
1114 2967 1163 3025 mi·

184 3047 251 3107 lites
274 3045 427 3122 exposuit.
460 3047 491 3107 in
511 3061 566 3108 eos
587 3047 647 3108 iam
666 3047 818 3123 ingentem
833 3047 981 3122 praedam
994 3049 1056 3108 late
1071 3049 1163 3124 depo·

183 3133 287 3206 palato
304 3146 378 3206 agro
394 3130 512 3205 agentis
526 3131 723 3192 Andronicus
738 3131 875 3206 Macedo,
895 3132 992 3206 quiin
1007 3133 1162 3206 pracsidio

182 3215 297 3291 Ephesi
318 3221 397 3288 erat,
419 3215 479 3274 iam
500 3215 661 3276 moenibus
682 3215 958 3291 appropinquantis
974 3216 1163 3290 eruptionem

183 3299 269 3372 lecit,
292 3305 466 3374 exutosque
486 3313 597 3372 magna
612 3304 699 3372 parte
712 3299 848 3372 praedae
864 3299 902 3360 ad
918 3314 1002 3358 mare
1016 3315 1054 3358 ac
1069 3315 1162 3360 naves

183 3381 308 3454 redegit.
334 3388 461 3455 postero
477 3381 527 3440 die
544 3379 664 3441 insidiis
680 3380 781 3443 medio
797 3383 892 3443 lerme
905 3385 975 3442 viae
990 3384 1111 3458 positis,
1126 3383 1162 3442 ad

184 3461 364 3520 eliciendum
386 3471 473 3522 extra
493 3463 614 3522 moenia
628 3463 830 3526 Macedonem
845 3465 974 3527 Romani
995 3467 1034 3526 ad
1057 3467 1163 3528 urbem
