2480 3904
136 213 198 282 236
277 211 393 273 LIBER
406 212 539 282 xxxvi
563 209 645 272 CAP.
658 217 701 274 16.
714 215 758 275 17.
781 212 817 288 [a.
828 215 865 270 U.
876 233 900 273 c.
913 215 975 285 561]

136 370 242 442 etiam,
265 383 327 444 qua
340 383 391 427 res
406 365 598 442 postulabat,
620 380 659 424 ex
673 365 768 425 muita
782 364 872 440 copia
886 363 1004 438 passim
1018 361 1119 425 iacen-

136 453 210 514 tium
229 451 367 528 lapidum
383 449 591 526 permunisset
605 448 722 522 omnia,
745 447 821 510 satis
835 447 937 509 fidens
951 463 1122 524 numquam

137 551 176 599 ea
191 536 252 596 vim
265 537 437 596 Romanum
459 531 626 595 exereitum
646 533 812 606 iacturum,
832 531 961 593 Aetolos
977 547 1017 591 ex
1033 539 1121 608 quat-

136 627 207 682 tuor
227 618 350 680 milibus
360 647 403 659 -
413 623 459 679 tot
479 617 559 677 enim
574 622 834 676 convenerant-
845 613 956 690 partim
970 615 1013 675 ad
1024 615 1122 676 Hera·

137 703 234 764 oleam
246 700 402 778 praesidio
415 699 619 775 obtinendam,
629 713 709 776 quae
720 707 791 760 ante
801 698 888 775 ipsas
899 699 1007 760 lauces
1018 699 1124 775 posita

138 794 195 862 est,
207 785 318 862 partim
327 785 481 864 Hypatam
494 784 589 859 mittit,
602 790 633 844 et
638 784 818 844 Heracleam
828 782 913 844 haud
922 783 1036 844 dubius
1048 798 1123 844 con-

138 871 237 931 sulem
262 877 525 945 oppugnaturum,
552 875 582 928 et
602 867 662 928 iam
682 867 784 928 multis
809 865 1018 928 nuntiantibus
1040 864 1125 928 circa

136 954 291 1032 Hypatam
314 951 416 1014 omnia
435 947 577 1014 evastari.
613 951 723 1013 consul
743 951 949 1026 depopulatus
962 951 1124 1028 Hypaten-

138 1053 205 1098 sem
218 1035 327 1112 primo,
343 1037 455 1098 deinde
465 1036 703 1097 Heracleensem
717 1049 833 1110 agrum,
848 1031 946 1095 inutili
955 1033 1125 1110 utrobique

138 1121 252 1182 auxilio
266 1122 462 1196 Aetolorum,
481 1119 512 1180 in
526 1119 604 1195 ipsis
620 1116 762 1179 faucibus
776 1133 876 1194 prope
889 1118 992 1180 tontes
1008 1115 1125 1180 calida-

137 1221 206 1265 rum
226 1197 380 1280 aquarum'
395 1206 546 1266 adversus
560 1219 665 1278 regem
680 1207 780 1264 castra
794 1199 908 1278 posuit.
940 1202 1124 1264 Aetolorum

138 1295 289 1364 utraeque
303 1304 414 1350 manus
425 1287 605 1349 Heracleam
620 1302 691 1348 sese
704 1285 903 1347 incluserunt.
924 1284 1124 1360 Antiochum,

139 1372 203 1446 cui,
227 1372 408 1448 priusquam
429 1371 549 1434 hostem
565 1377 718 1445 cerneret,
739 1370 814 1431 satis
830 1367 933 1431 omnia
948 1369 1122 1446 permunita

138 1462 169 1514 et
182 1454 346 1530 praesidiis
361 1455 511 1530 obsaepta
526 1453 716 1528 videbantur,
731 1453 821 1515 timor
836 1451 973 1529 incessit,
989 1469 1030 1514 ne
1042 1469 1121 1530 quas

137 1554 195 1614 per
208 1537 395 1599 imminentia
415 1537 486 1612 iuga
507 1537 600 1598 calles
614 1536 766 1600 inveniret
779 1539 818 1598 ad
833 1535 994 1598 transitum
1008 1538 1123 1604 Roma·

137 1637 213 1682 nus:
235 1637 306 1681 nam
321 1629 352 1682 et
360 1619 623 1682 Lacedaemonios
638 1622 794 1697 quondam
807 1620 849 1682 ita
863 1621 995 1682 aPersis
1011 1618 1122 1682 circui-

138 1713 189 1765 tos
210 1705 290 1764 iama
311 1711 390 1777 erat,
416 1711 447 1765 et
466 1718 565 1780 nuper
584 1704 757 1781 Philippum
778 1705 817 1765 ab
837 1705 948 1766 iisdem
961 1703 1122 1766 Romanis.

137 1787 242 1862 itaque
256 1787 393 1849 nuntium
407 1787 587 1850 Heracleam
601 1789 642 1850 ad
655 1789 784 1850 Aetolos
799 1786 901 1864 mittit,
917 1795 951 1850 ut
964 1789 1047 1850 hanc
1061 1789 1123 1848 sal·

137 1878 198 1932 tem
219 1871 278 1933 sibi
299 1887 425 1949 operam
446 1887 483 1934 eo
505 1871 586 1935 bello
608 1879 815 1947 praestarent,
835 1879 869 1934 ut
890 1871 1022 1934 vertices
1038 1872 1121 1932 cirea

138 1954 284 2018 montium
301 1955 757 2034 occuparentobsiderentque,
781 1972 821 2017 ne
836 1971 899 2032 qua
911 1955 1045 2018 transire
1059 1957 1120 2018 Ro·

137 2039 219 2101 mani
239 2047 377 2116 possent
402 2040 462 2102 hoc
484 2039 588 2101 nunno
610 2040 713 2102 andito
728 2037 883 2102 dissensio
897 2038 978 2102 inter
990 2041 1123 2105 Aetolos

137 2129 204 2185 orta
218 2129 274 2184 est.
296 2140 369 2199 pars
383 2121 511 2198 imperio
523 2123 692 2198 parendum
703 2123 786 2199 regis
797 2131 890 2200 atque
901 2124 1038 2186 eundum
1049 2139 1121 2185 cen·

138 2207 257 2280 sehant,
277 2223 351 2281 pars
367 2205 596 2267 subsistendum
610 2207 779 2268 Heracleae
793 2209 833 2270 ad
847 2215 1009 2284 utramque
1023 2209 1122 2270 fortu-

137 2305 222 2362 nam,
248 2297 282 2350 ut
302 2288 369 2350 sive
391 2290 489 2352 victus
510 2290 549 2350 ab
570 2292 699 2352 consule
718 2307 774 2352 rex
794 2299 893 2366 esset,
918 2291 950 2352 in
972 2291 1122 2367 expedito

136 2371 286 2434 haberent
305 2371 440 2450 integras
461 2372 568 2449 copias
588 2375 628 2435 ad
643 2390 734 2450 opem
754 2375 940 2452 propinquis
960 2376 1122 2436 ferendam

138 2454 311 2520 civitatibus
326 2455 401 2533 suis,
418 2457 484 2519 sive
498 2455 643 2532 vinceret,
660 2466 694 2520 ut
708 2458 877 2536 dissipatos
892 2460 921 2520 in
937 2460 1041 2535 lugam
1056 2461 1122 2521 Ro·

136 2556 245 2602 manos
266 2548 534 2618 persequerentur.
567 2549 697 2618 unaque
717 2559 789 2617 pars
810 2559 873 2606 non
894 2543 1006 2605 mansit
1023 2544 1122 2606 modo

136 2624 166 2683 in
182 2625 334 2686 sententia
355 2641 426 2700 sua,
449 2627 506 2686 sed
526 2625 616 2687 etiam
630 2634 777 2688 exsecuta
791 2635 839 2688 est
854 2626 1026 2690 consilium.
1055 2628 1122 2688 duo

135 2706 217 2768 milia
236 2709 404 2769 Heracleae
425 2708 640 2781 substiterunt,
663 2709 724 2770 duo
746 2709 891 2772 triiariam
913 2709 1014 2773 divisa
1029 2710 1122 2772 caiti-

137 2790 274 2850 dromum
297 2797 327 2852 et
340 2790 544 2852 Rhoduntiam
564 2800 596 2852 et
607 2792 766 2855 Tichiunta
780 2829 816 2840 -
829 2795 906 2855 haec
928 2794 1052 2858 nomina
1067 2811 1121 2856 ca·

137 2871 308 2934 numinibus
323 2881 448 2934 sunt-
459 2889 659 2950 occupavere.

217 2957 310 3016 XVII.
340 2956 454 3018 consul
474 2965 640 3035 postquam
661 2959 785 3022 insessa
805 2961 968 3038 superiora
987 2965 1058 3024 loca
1078 2965 1121 3024 ab

134 3038 253 3102 Aetolis
272 3039 362 3116 vidit,
383 3041 423 3102 M.
438 3040 580 3104 Porcium
601 3043 745 3105 Catonem
766 3053 797 3106 et
809 3045 843 3106 L.
857 3045 1016 3108 Valerium
1029 3047 1120 3108 Flac·

134 3141 203 3186 cum
223 3125 395 3186 consularis
410 3127 528 3202 legatos
544 3142 612 3187 cum
626 3126 706 3188 binis
720 3125 843 3190 milibus
859 3130 1049 3192 delectorum
1063 3147 1119 3206 pe-

133 3206 228 3269 ditum
249 3209 289 3269 ad
312 3210 438 3271 castella
452 3211 645 3284 Aetolorum,
661 3210 804 3272 Flaccum
817 3211 849 3273 in
863 3213 1072 3278 Rhoduntiam
1088 3221 1120 3276 et

131 3289 298 3368 Tichiunta,
311 3293 456 3356 Catonem
469 3294 500 3354 in
512 3293 726 3356 Callidromum
737 3295 833 3356 mittit.
852 3295 921 3372 ipse
932 3298 1118 3374 priusquam

132 3373 172 3432 ad
187 3374 307 3435 hostem
322 3377 636 3452 copiasadmoveret,
657 3385 787 3440 vocatos
803 3380 834 3439 in
849 3381 1024 3442 contionem
1038 3382 1117 3442 mili-

132 3461 177 3513 tes
199 3458 308 3528 paucis
329 3467 378 3518 est
398 3461 568 3522 adlocutus.
605 3463 791 3538 „plerosque
813 3463 947 3524 omnium
963 3464 1116 3542 ordinum,
