2480 3904
205 181 266 247 186
360 182 476 244 Llltblt
491 181 610 242 xxxv.
634 179 714 242 cAP.
732 189 831 244 1213.
853 187 937 256 [au.
950 187 1046 254 assa]

202 335 292 396 randi
306 351 364 396 sua
378 334 588 406 occasionem,
610 332 636 393 si
651 349 718 392 eam
734 347 814 408 quae
828 337 892 392 tum
907 339 991 392 esset
1006 333 1163 407 praetermi-

203 419 308 480 sisset.
323 427 354 480 et
363 418 478 479 nuNum
490 417 658 478 exercitum
668 417 838 478 Romanum
845 417 878 476 in
891 415 1017 476 Graecia
1027 429 1104 490 esse,
1117 431 1164 478 nec

203 511 330 579 propter
356 501 500 580 Gythium
525 508 577 562 aut
601 501 768 562 maritimos
794 499 872 562 alios
893 499 1033 560 bacones
1059 501 1165 575 dignam

204 601 330 646 causam
346 585 574 646 existimaturos
595 585 767 658 Romanos,
790 600 845 645 cur
864 585 1003 659 legiones
1022 599 1123 645 rursus
1140 587 1165 644 in

203 669 363 730 Graeciam
381 669 595 732 transmittant.
626 669 703 730 haec
724 669 765 730 ad
784 668 972 730 incitandum
988 669 1116 729 animum
1126 677 1164 746 ty-

201 755 290 814 renni
311 753 504 828 dicebantur,
525 761 573 826 ut,
595 769 665 815 cum
678 754 850 815 Antiochus
870 753 902 812 in
918 753 1077 813 Graeciam
1088 751 1164 812 traic-

202 839 311 909 cisset,
333 838 523 899 conscientia
543 837 675 900 violatae
689 854 746 914 per
759 837 915 899 socionrm
929 837 1055 898 inituias
1069 837 1165 898 Roma·

200 925 259 982 nae
273 921 422 984 amicitiae
437 922 635 997 coniungeret
648 937 684 983 se
698 937 768 984 cum
781 921 943 983 Antiocho.
966 927 997 981 et
1009 919 1166 996 Philippum

199 1005 353 1067 Nicander
377 1002 625 1068 haud'dissimili
654 1007 792 1069 oratione
813 1005 968 1066 incitabat.
1002 1013 1070 1066 erat
1091 1006 1166 1066 etiam

199 1091 298 1151 maior
312 1091 459 1154 orationis
475 1091 614 1165 materia,
632 1108 693 1167 quo
709 1108 748 1152 ex
762 1092 868 1152 altiore
883 1091 1004 1166 lastigie
1018 1094 1074 1150 rex
1090 1105 1166 1166 quan

199 1184 349 1253 tyrannus
364 1177 519 1238 detractus
535 1184 609 1250 erat,
625 1191 750 1252 quoque
765 1178 868 1251 plures
884 1175 1048 1250 ademptae
1060 1187 1118 1236 res.
1135 1174 1167 1232 ad

199 1258 260 1320 hoc
273 1267 396 1322 vetusta
409 1275 516 1335 regum
529 1260 729 1322 Macedoniae
743 1262 823 1320 lama
838 1265 1083 1335 peragratusque
1096 1258 1166 1317 orbis

199 1351 347 1406 terrarum
371 1345 508 1405 victoriis
529 1345 596 1406 eius
614 1346 716 1419 gentis
736 1344 934 1405 referebatur.
967 1351 997 1404 et
1016 1351 1110 1404 mlum
1126 1341 1167 1401 vel

200 1428 323 1504 incepto
344 1429 394 1488 vel
415 1437 527 1490 eventu
547 1445 583 1490 se
603 1429 764 1490 consilium
785 1429 920 1488 adferre:
946 1441 1017 1488 nam
1035 1439 1130 1502 neque
1141 1433 1168 1484 ut

201 1520 271 1573 ante
285 1528 321 1572 se
334 1520 457 1573 moveat
469 1511 644 1588 Philippus,
667 1527 759 1589 quam
771 1512 944 1576 Antiochus
959 1527 1029 1572 cum
1046 1509 1167 1571 eaerum

197 1596 352 1658 transierit
364 1596 396 1655 in
411 1597 578 1670 Graeciam,
594 1598 741 1670 suadere,
763 1605 794 1657 et
809 1597 861 1672 qui
876 1598 944 1657 sine
957 1595 1110 1657 Antiocho
1124 1594 1167 1652 arl-

197 1695 309 1741 vcrsus
323 1681 480 1742 Romanos
494 1683 686 1756 Aetolosque
705 1689 767 1742 tam
790 1679 843 1741 diu
862 1681 1044 1742 sustinuerit
1060 1681 1166 1750 bellum

197 1763 227 1823 ei
249 1764 393 1826 adiuncto
408 1765 577 1839 Antiocho,
598 1767 692 1826 sociis
706 1765 841 1838 Aetolis,
864 1765 1001 1840 quitum
1022 1763 1167 1840 graviores

197 1847 304 1908 hostes
327 1865 420 1922 quam
436 1849 566 1910 Romani
581 1849 716 1923 luerunt,
739 1848 850 1923 quibus
865 1849 989 1909 tandem
1002 1847 1119 1908 viribus
1130 1861 1168 1904 re·

198 1932 309 1993 sistere
329 1933 487 1994 Romanos
513 1940 630 2008 posset
660 1931 812 1994 adiciebat
836 1933 877 1992 de
901 1933 980 1994 duce
999 1931 1168 2001 Hannibale,

197 2023 269 2076 nato
285 2017 436 2076 adversus
447 2017 605 2078 Romanos
619 2016 718 2088 hoste,
735 2017 787 2092 qui
803 2017 907 2092 plures
923 2023 953 2076 et
968 2013 1069 2076 duces
1084 2022 1113 2082 et
1125 2014 1169 2072 mi·

197 2101 265 2160 lites
279 2111 388 2160 corum
402 2101 578 2175 occidisset,
593 2116 685 2174 quam
701 2108 775 2174 quot
789 2107 999 2176 superessent.
1022 2100 1102 2160 haec
1111 2097 1169 2157 Phi·

197 2184 283 2257 lippo
306 2183 466 2242 Nicander.
496 2185 556 2244 alla
575 2184 782 2245 Dicaearchus
803 2185 971 2259 Antiocho,
995 2191 1026 2244 et
1048 2183 1170 2244 omnium

198 2266 326 2340 primum
352 2267 500 2342 praedam
526 2267 565 2327 de
584 2267 724 2344 Philippo
745 2269 953 2330 Romanorum
974 2283 1049 2329 esse
1069 2267 1170 2336 dicere,

197 2349 356 2410 victoriam
379 2352 574 2412 Aetolorum:
608 2361 638 2413 et
658 2351 772 2412 aditum
796 2352 828 2413 in
850 2353 1007 2413 Graeciam
1032 2348 1170 2412 Romanis

196 2434 297 2496 nullos
313 2436 391 2496 alios
407 2451 499 2511 quam
511 2437 640 2498 Aetolos
655 2436 789 2510 dedisse,
806 2445 836 2498 et
849 2437 889 2496 ad
900 2437 1088 2497 vincendum
1100 2434 1170 2493 vires

196 2520 325 2581 eosdem
340 2519 531 2596 praebuisse.
558 2521 670 2581 deinde
685 2527 814 2596 quantas
830 2520 965 2596 pediturn
980 2522 1171 2596 equitumque

197 2604 305 2679 copias
330 2605 496 2680 praebituri
510 2605 662 2666 Antiocho
684 2605 724 2666 ad
743 2605 854 2665 bellum
875 2611 995 2678 essent,
1016 2617 1098 2680 quae
1111 2605 1171 2662 loca

195 2689 392 2749 terrestribus
414 2688 529 2763 copiis,
554 2703 633 2764 quos
656 2697 763 2764 portus
784 2687 950 2750 maritimis.
977 2697 1040 2750 tum
1058 2683 1171 2748 dePhi-

197 2771 282 2844 lippo
309 2779 340 2831 et
359 2771 475 2830 Nabide
500 2771 596 2832 libero
622 2773 782 2834 mendacio
807 2771 1014 2834 abutebaturr‘
1039 2779 1170 2847 peratum

194 2860 358 2928 utrumque
370 2855 409 2912 ad
420 2855 629 2921 rebellandum
641 2869 722 2930 esse,
738 2865 767 2916 et
778 2856 906 2932 primam
920 2871 1078 2933 quamque
1090 2868 1170 2915 occa·

196 2935 318 2996 sionem
336 2936 529 3011 reciperandi
552 2953 589 2998 ea
604 2953 684 3014 quae
698 2939 779 3001 bello
796 2939 973 3001 amisissent
987 2948 1170 3014 arrepturus.

196 3019 237 3078 ita
251 3035 307 3095 per
327 3025 423 3080 totum
438 3020 528 3082 simul
544 3023 648 3082 orbem
663 3031 812 3084 terrarum
825 3023 927 3084 Aetoli
941 3024 1090 3086 Romanis
1106 3036 1170 3081 con·

195 3103 329 3165 citabant
343 3105 466 3165 bellum.
500 3115 530 3166 et
543 3122 633 3181 reges
648 3114 747 3167 tamen
763 3116 815 3168 aut
829 3124 891 3168 non
905 3108 979 3168 moti
993 3115 1046 3167 aut
1060 3104 1172 3166 tardius

195 3190 268 3248 moti
288 3196 368 3249 sunt.
395 3189 472 3249 Xlll.
501 3190 594 3250 Nabis
615 3193 769 3266 extemplo
792 3192 873 3252 circa
895 3192 994 3252 omnis
1009 3190 1171 3250 maritimos

194 3273 281 3334 vicos
297 3273 410 3334 dimisit
424 3273 464 3333 ad
477 3273 645 3334 seditiones
656 3275 686 3333 in
699 3275 735 3335 iis
747 3274 938 3345 miscendas;
962 3283 992 3335 et
1004 3273 1083 3335 allos
1095 3269 1171 3348 prin·

195 3357 297 3430 cipum
314 3357 404 3418 donis
420 3359 460 3417 ad
474 3372 562 3417 suam
577 3373 701 3418 causam
716 3359 873 3434 perduxit,
890 3359 967 3420 alios
982 3354 1172 3434 pertinaciter

195 3437 225 3494 in
248 3439 394 3499 societate
407 3441 546 3500 Romana
567 3443 717 3501 manentis
739 3442 858 3506 occidit.
890 3439 1025 3504 Achaeis
1042 3439 1171 3503 omniurn
