2482 3902
207 207 317 268 LIBER
331 207 463 268 XXXIV.
487 206 570 268 cal).
584 218 629 272 51.
641 219 684 272 52.
696 219 739 273 bd.
762 219 798 286 [a.
811 217 843 277 0.
856 219 918 286 194]
993 213 1054 280 167

91 361 205 439 gandae.
236 376 292 421 nec
313 361 393 421 enim
413 367 584 436 temporum
604 365 697 425 modo
718 366 798 428 vitiis
817 383 854 427 ac
868 369 1012 431 violentia
1026 381 1056 432 et

90 445 198 506 licentia
220 445 304 520 regia
322 445 434 506 turbati
455 454 555 519 erant,
582 447 639 507 sed
659 449 796 524 inquieto
820 451 910 512 etiam
930 453 1054 528 ingenio

88 529 191 604 gensis,
212 543 268 588 neo
289 527 412 590 comitia
433 545 490 589 nec
512 539 694 592 conventum
710 548 768 593 nec
783 534 945 596 concilium
960 539 1053 600 ullum

89 629 141 672 non
162 627 215 688 per
235 612 416 673 seditionem
431 629 468 674 ac
481 615 639 676 tumultum
656 616 715 675 iam
729 617 801 678 inde
815 634 834 678 a
848 619 998 695 principio
1014 623 1055 682 ad

89 704 211 758 nostram
227 711 328 772 usque
349 703 478 758 aetatem
497 698 695 760 traducentis.
734 717 752 760 a
767 717 864 764 censu
878 705 1009 765 maxime
1025 712 1055 765 et

88 787 214 840 senatum
225 787 255 840 et
269 780 387 841 iudices
399 782 481 856 legit,
496 783 761 860 potentioremque
772 794 969 861 campartem
981 789 1055 848 eivi-

87 865 180 924 tatium
193 865 277 939 iecit,
297 865 346 925 cui
360 866 448 926 salva
462 871 491 926 et
507 866 669 942 tranquilla
683 869 785 928 omnia
800 885 872 930 esse
887 871 984 946 magis
1000 888 1052 933 ex-

88 948 226 1024 pediebat.
258 949 319 1008 Lll.
354 949 395 1009 ita
419 964 488 1009 oum
518 952 747 1025 percensuisset
769 953 972 1028 Thessaliam,
998 971 1051 1030 per

87 1033 199 1107 Epirum
214 1030 350 1104 Oricum,
373 1033 456 1093 unde
477 1041 541 1094 erat
561 1035 759 1110 traiecturus,
779 1038 871 1097 venit.
909 1037 947 1098 ab
963 1037 1053 1099 Orico

88 1117 183 1190 copiae
204 1131 311 1177 omnes
325 1115 521 1178 Brundisium
534 1125 770 1195 transportatus.
804 1120 875 1180 inde
889 1136 946 1196 per
960 1130 1053 1183 totam

86 1200 187 1260 ltaliam
201 1201 241 1259 ad
255 1201 363 1260 urbem
376 1217 476 1277 prope
487 1202 717 1279 triumphantes,
732 1219 794 1264 non
804 1203 923 1264 minore
934 1206 1054 1279 agmina

85 1300 175 1343 ramni
188 1293 346 1360 captarum
362 1301 454 1361 quam
468 1301 526 1346 suo
542 1303 617 1362 prae
632 1301 667 1347 se
681 1294 759 1361 aeto,
774 1295 933 1348 venerunt.
967 1297 1053 1363 post·

87 1384 166 1443 quam
177 1369 306 1429 Romam
328 1377 450 1430 ventum
465 1378 527 1444 est,
549 1377 676 1432 senatus
691 1378 778 1432 extra
792 1371 899 1432 urbem
914 1371 1053 1446 Quinctio

86 1453 176 1512 adres
196 1459 302 1526 gestas
318 1453 535 1514 edisserendas
552 1455 642 1515 datus
657 1462 720 1529 est,
740 1453 977 1531 triumphusque
991 1471 1053 1516 rne-

85 1535 149 1596 ritus
168 1536 205 1598 ab
230 1536 406 1596 lubentibus
428 1537 580 1598 decretus.
614 1538 747 1600 biduum
767 1538 971 1613 triumphavit.
1004 1539 1054 1599 die

84 1620 170 1694 primo
191 1637 277 1680 arma
296 1621 357 1680 tela
379 1620 529 1696 signaque
550 1636 641 1681 aerea
661 1629 691 1682 et
703 1637 873 1682 marmorea
893 1624 1054 1695 transtulit,

84 1705 161 1778 plura
170 1703 312 1780 Philippo
324 1704 469 1779 adempta
481 1720 572 1780 quam
584 1720 664 1780 quae
676 1721 716 1766 ex
728 1705 899 1766 civitatibus
913 1713 1053 1782 ceperam

83 1789 208 1849 serundo
221 1804 331 1849 aurum
341 1796 560 1862 argentumque
571 1789 684 1848 lactum
695 1789 940 1865 intectumquect
951 1789 1052 1866 signa-

85 1879 145 1932 tum.
176 1871 281 1934 iniecti
302 1872 419 1947 argenti
439 1871 494 1932 luit
514 1872 623 1932 decern
644 1879 674 1932 et
694 1880 763 1932 octo
784 1871 867 1932 milia
881 1875 1003 1948 pondo,
1024 1879 1053 1933 et

85 1957 201 2018 ducenta
216 1957 413 2034 septuaginta
423 1956 510 2028 lacti;
533 1971 609 2016 vasa
620 1957 714 2016 multa
725 1955 825 2016 omnis
836 1957 968 2030 generis,
985 1971 1053 2016 cae-

55 2096 56 2101 ,
84 2039 134 2101 lata
152 2043 316 2118 pleraque,
340 2041 491 2116 quaedam
512 2040 641 2100 eximiae
659 2040 742 2100 artis.
777 2046 860 2100 etex
874 2055 946 2099 aere
961 2041 1055 2098 multa

84 2124 248 2186 fabrefacta.
273 2125 386 2185 adhoc
401 2125 499 2200 clipea
514 2131 659 2201 argentea
673 2124 791 2184 decem.
813 2123 925 2198 signati
937 2122 1055 2197 argenti

54 2240 55 2245 κ
84 2210 225 2284 octoginta
251 2216 393 2284 quattuor
412 2209 495 2270 milia
510 2210 596 2268 haere
610 2209 794 2270 Atticorum:
817 2207 985 2268 tetrachma
1000 2222 1054 2265 vo-

84 2300 157 2363 oanl;
180 2294 273 2354 trium
304 2293 367 2353 lere
381 2293 575 2354 denariorum
589 2293 620 2352 in
636 2291 765 2368 singulis
781 2292 897 2366 argenti
913 2298 961 2352 est
975 2307 1053 2366 pon-

83 2377 141 2436 dus.
170 2379 239 2438 auri
261 2377 367 2457 pondo
388 2376 443 2438 suit
461 2377 519 2439 tria
539 2377 622 2436 milia
636 2379 828 2451 septingenta
842 2375 951 2434 decern
967 2381 1054 2450 quat-

82 2467 149 2532 tuor,
166 2471 196 2522 et
210 2461 344 2536 clipeum
358 2475 452 2522 unum
467 2475 507 2520 ex
523 2475 597 2520 auro
612 2467 717 2534 totum,
733 2465 764 2518 et
775 2457 927 2533 Philippei
942 2457 1056 2516 nummi

82 2546 156 2606 aurei
172 2542 416 2622 quattuordecim
429 2543 511 2604 milia
524 2543 679 2618 quingenti
691 2541 943 2619 quattuordecim.
966 2541 1055 2601 tertio

81 2628 124 2688 die
134 2643 268 2690 coronae
279 2643 399 2702 aureae,
415 2628 497 2688 dona
508 2627 681 2700 civitatium,
695 2625 823 2685 tralatae
834 2631 956 2684 centum
969 2631 1055 2697 quat·

79 2713 256 2785 tuordecim;
279 2721 310 2774 et
322 2712 442 2773 hostiae
457 2712 582 2784 ductae,
604 2717 634 2771 et
648 2715 718 2770 ante
732 2724 853 2769 currum
869 2709 953 2768 multi
968 2705 1056 2768 nobi-

79 2797 119 2856 les
131 2799 243 2874 captivi
255 2797 453 2871 obsidesque,
468 2795 546 2856 inter
558 2810 637 2870 quos
647 2793 819 2855 Demetrius
830 2792 911 2867 rogis
923 2790 1056 2867 Philippi

79 2879 153 2942 filius
174 2883 231 2943 luit
244 2889 275 2942 ct
289 2883 438 2940 Armenes
452 2879 579 2940 Nabidis
594 2877 716 2956 tyranni
730 2876 827 2950 tilius,
847 2875 1056 2938 Lacedaemo·

79 2965 151 3026 nius.
173 2967 242 3042 ipse
257 2964 369 3026 deinde
384 2963 540 3038 Quinctius
554 2963 585 3023 in
600 2963 707 3022 urbem
719 2968 767 3021 est
781 2961 930 3021 invectus.
958 2958 1057 3020 secuti

80 3064 196 3110 cunum
215 3050 326 3111 milites
348 3049 524 3122 frequentes
545 3053 580 3108 ul
593 3047 730 3106 exercitu
745 3045 827 3106 omni
842 3060 881 3104 ex
896 3043 1058 3119 provincia

79 3133 243 3208 deportato.
266 3133 314 3194 his
330 3131 441 3193 duceni
456 3130 663 3207 quinquageni
678 3131 757 3190 aeris
770 3129 800 3188 in
814 3128 933 3204 pedites
947 3125 1056 3193 divisi;

78 3216 188 3292 duplex
210 3216 395 3289 centurioni,
421 3216 533 3291 triplex
553 3215 656 3292 equiti.
689 3213 898 3289 praebuerunt
918 3209 1056 3283 speciem

78 3301 227 3377 triumpho
253 3299 404 3377 capitibus
429 3299 509 3360 rasis
536 3299 647 3373 secuti,
674 3298 728 3372 qui
752 3295 898 3356 servitute
922 3290 1057 3366 exempti

78 3383 201 3446 lucrant

156 3469 231 3530 LIII.
253 3470 345 3531 Exitu
368 3470 439 3530 anni
463 3468 554 3534 huius
579 3466 616 3542 Q.
638 3465 743 3526 Aelius
768 3460 889 3524 Tubero
915 3459 1057 3520 tribunus
