2480 3904
173 204 238 268 256
292 203 406 264 LIBER
421 201 555 261 XXXVI.
579 196 659 259 cdl.
670 203 714 257 to.
726 203 771 258 41.
782 203 827 257 tt.
850 200 887 268 [a.
899 199 934 253 U.
946 215 969 250 c.
981 197 1043 266 sel]

172 355 286 421 tribuni
296 355 377 417 bello
389 354 490 414 alieno
504 369 539 414 se
550 351 703 426 litigantis,
717 357 751 410 ut
762 363 837 410 suae
851 347 998 408 victoriae
1008 348 1112 407 iructu
1123 361 1156 406 se

175 442 345 512 fraudaret,
368 453 435 498 cum
451 435 657 509 disseruisset,
677 435 787 494 milites
802 438 1018 492 exauctoratos
1033 431 1156 491 dimisit.

259 524 333 585 XLI.
355 523 432 584 Dum
447 521 524 579 baec
538 520 568 578 in
582 518 667 579 ltalia
683 524 837 592 geruntur,
855 513 1028 578 Antiochus
1041 513 1156 590 Ephesi

176 623 305 672 securus
327 606 490 666 admodum
512 603 552 662 de
571 603 653 663 bello
674 601 814 662 Romano
835 605 901 659 erat
919 606 1076 674 tamquam
1098 615 1156 658 non

176 689 348 755 transituris
363 690 393 750 in
406 689 511 748 Asiam
521 685 678 746 Romanis.
700 701 792 762 quam
804 683 998 744 securitatem
1009 683 1038 742 ei
1049 698 1158 758 magna

176 795 249 855 pars
270 775 435 836 amicorum
458 777 510 832 aut
523 786 579 846 per
592 784 727 830 errorem
743 777 795 830 aut
809 767 1001 829 adsentando
1017 767 1157 828 iaciebat.

174 861 325 922 Hannibal
339 873 428 930 unus,
445 854 533 917 cuius
548 870 586 915 eo
600 860 740 929 tempore
753 853 803 912 vel
817 853 950 912 maxima
960 849 1046 928 apud
1057 865 1158 925 regem

176 943 342 1006 auctoritas
357 948 437 1016 erat,
459 941 557 1016 magis
572 937 673 1000 mirari
689 953 724 998 se
739 935 855 1009 aiebat,
877 936 961 1012 quod
976 951 1040 996 non
1055 935 1117 994 iam
1132 933 1159 992 in

177 1029 252 1088 Asia
273 1034 380 1088 essent
399 1025 543 1097 Romani,
565 1037 656 1100 quam
675 1028 822 1082 venturos
844 1020 993 1080 dubitare.
1031 1017 1160 1094 propius

175 1127 250 1173 esse
263 1125 302 1172 ex
316 1109 444 1170 Graecia
457 1107 487 1168 in
500 1108 605 1167 Asiam
620 1121 710 1182 quam
725 1120 765 1165 ex
779 1105 865 1165 ltalia
875 1105 906 1163 in
919 1103 1081 1164 Graeciam
1093 1101 1160 1162 trai-

180 1212 259 1270 cere,
276 1200 307 1256 et
320 1195 413 1254 multo
429 1193 573 1253 maiorem
589 1205 713 1252 causam
727 1187 912 1249 Antiochum
928 1202 1018 1262 quam
1031 1185 1160 1248 Aetolos

178 1295 260 1342 esse.
283 1277 478 1355 nequeenim
493 1275 567 1336 mari
582 1275 682 1334 minus
695 1287 786 1349 quam
801 1279 883 1333 terra
895 1271 1012 1348 pollere
1022 1271 1162 1332 Romana

180 1380 273 1424 arma.
306 1363 366 1422 iam
390 1360 508 1436 pridem
532 1360 662 1419 classem
686 1355 768 1418 circa
786 1355 916 1417 Maleam
939 1369 1021 1414 esse.
1057 1352 1160 1414 audire

180 1464 251 1508 sese
272 1461 371 1522 nuper
391 1459 489 1504 novas
511 1459 607 1503 naves
628 1455 804 1517 novumque
818 1440 1036 1518 imperatorem
1053 1437 1099 1498 rei
1114 1453 1160 1513 ge-

179 1532 295 1592 rendae
316 1543 412 1590 causa
433 1543 472 1585 ex
487 1527 573 1586 ltalia
593 1523 728 1586 venisse.
761 1525 865 1600 itaque
886 1523 1044 1597 desineret
1056 1522 1162 1582 Antio·

179 1613 257 1676 cbus
271 1627 380 1690 pacem
396 1609 455 1670 sibi
469 1610 537 1686 ipse
552 1625 609 1684 spe
624 1625 705 1669 vana
719 1610 830 1670 iacere.
858 1609 888 1668 in
902 1607 979 1667 Asia
993 1613 1024 1666 ct
1039 1607 1082 1667 de
1097 1607 1162 1682 ipsa

179 1697 255 1758 Asia
275 1696 361 1756 brevi
381 1702 463 1756 terra
482 1692 620 1768 marique
644 1690 849 1754 dimicandum
875 1693 903 1752 ei
924 1707 993 1752 cum
1013 1690 1163 1752 Romanis

179 1796 267 1854 esse,
289 1785 320 1840 et
333 1785 385 1841 aut
406 1777 566 1853 imperium
582 1775 777 1837 adimendum
794 1775 899 1836 orbem
913 1781 1062 1836 terrarum
1080 1774 1161 1834 adle-

180 1861 339 1936 cientibus,
355 1869 408 1923 aut
422 1861 481 1936 ipsi
496 1877 624 1937 regnum
635 1861 840 1922 amittendum.
862 1875 942 1920 unus
956 1874 1032 1918 vera
1047 1865 1080 1918 et
1095 1875 1161 1934 pro-

180 1948 287 2007 videre
300 1953 331 2006 el
344 1945 474 2006 fideliter
488 1947 666 2021 praedicere
679 1945 782 2006 visus:
804 1943 908 2020 itaque
922 1943 992 2018 ipse
1004 1957 1062 2002 rex
1079 1942 1163 2002 navi-

182 2029 249 2108 bus,
262 2046 343 2106 quae
355 2036 481 2104 paratae
491 2029 719 2104 instructaeque
730 2035 825 2104 erant,
838 2027 1064 2088 Chersonesum
1080 2025 1163 2102 petit,

182 2124 215 2174 ut
230 2130 268 2173 ea
282 2116 364 2187 loca,
388 2113 414 2173 si
430 2113 508 2172 torte
521 2121 602 2172 terra
617 2112 754 2172 venirent
767 2111 910 2186 Romani,
931 2110 1101 2186 praesidiis
1116 2110 1162 2170 iir-

128 2221 131 2226 ·
181 2203 287 2256 maret.
307 2203 439 2256 ceteram
455 2196 587 2256 classem
601 2195 823 2273 Polyxenidam
838 2211 948 2272 parare
962 2201 993 2254 et
1006 2195 1163 2255 deducere

181 2277 285 2348 iussit3
308 2277 530 2352 speculatorias
546 2294 640 2340 naves
656 2279 696 2340 ad
710 2280 812 2340 omnia
823 2279 1013 2356 exploranda
1024 2279 1111 2340 circa
1121 2277 1162 2337 in-

181 2362 266 2422 sulas
282 2361 404 2423 dimisit.

265 2444 352 2506 ituit.
383 2446 413 2506 G.
433 2447 536 2506 Livius
562 2447 733 2522 praelectus
757 2448 914 2508 Romanae
940 2445 1069 2520 classis,
1096 2459 1163 2504 cum

181 2530 401 2607 quinquaginta
415 2531 545 2594 navibus
559 2528 647 2591 tectis
663 2531 820 2606 proiectus
835 2531 874 2590 ab
885 2531 982 2591 Roma
992 2529 1162 2604 Neapolim,

183 2630 244 2691 quo
260 2613 298 2674 ab
314 2613 408 2674 sociis
424 2616 490 2676 eius
505 2629 578 2675 orae
592 2613 756 2675 convenire
770 2614 903 2675 iusserat
916 2620 1040 2690 apertas
1055 2627 1162 2685 naves,

183 2715 264 2773 quae
278 2713 316 2756 ex
332 2698 458 2758 loedere
473 2697 670 2774 debebantur,
686 2696 819 2758 Siciliam
834 2697 906 2757 inde
920 2697 1004 2774 petit,
1020 2696 1162 2772 fretoque

181 2781 357 2842 Messanam
371 2787 610 2854 praetervectus,
621 2797 697 2843 cum
709 2797 766 2842 sex
776 2779 905 2842 Punicas
917 2797 1013 2842 naves
1026 2780 1065 2840 ad
1079 2779 1161 2839 auxi-

182 2865 254 2922 lium
274 2861 387 2922 missas
406 2864 593 2938 accepisset,
615 2871 645 2924 et
658 2865 697 2925 ab
711 2864 836 2940 Reginis
851 2865 1021 2940 Locrisque
1036 2869 1068 2925 et
1082 2863 1160 2923 eius·

182 2947 252 3006 dem
275 2945 351 3005 iuris
373 2945 467 3006 sociis
482 2945 601 3006 debitas
615 2947 773 3024 exegisset
786 2963 896 3022 naves,
917 2950 1047 3010 lushata
1060 2948 1160 3007 classe

182 3029 222 3088 ad
236 3028 393 3090 Lacinium
407 3030 500 3090 altum
515 3030 597 3105 petil.
627 3031 802 3110 corcyram,
818 3048 910 3108 quam
924 3030 1053 3110 primam
1067 3031 1160 3091 Grae«

183 3113 249 3173 ciae
265 3111 427 3176 civitatium
443 3112 525 3188 adiit,
545 3129 613 3174 cum
628 3116 775 3192 venisset,
796 3121 1013 3190 percunctatus
1027 3115 1068 3176 de
1082 3117 1159 3175 statu

182 3197 253 3257 belli
267 3229 300 3244 ·-
318 3198 449 3258 necdum
465 3199 543 3258 enim
556 3197 657 3258 omnia
670 3198 700 3258 in
713 3199 841 3260 Graecia
851 3206 1016 3276 perpacata
1027 3205 1159 3260 erant-

182 3286 214 3340 et
227 3281 279 3342 ubi
295 3281 404 3343 classis
416 3283 553 3342 Romana
567 3289 659 3358 esset,
674 3289 837 3360 postquam
851 3282 967 3356 audivit
977 3284 1061 3345 circa
1070 3281 1160 3343 'lber-

183 3367 376 3442 mopylarum
398 3367 507 3426 saltum
528 3365 557 3426 in
580 3367 710 3428 statione
731 3368 889 3428 consulem
910 3382 947 3427 ue
960 3383 1065 3444 regem
1081 3379 1158 3437 esse,

184 3445 316 3506 classem
331 3447 446 3508 Piraeei
468 3456 564 3523 stare,
586 3451 797 3511 maturandum
812 3459 896 3512 ratus
912 3451 1046 3512 omniurn
1059 3463 1158 3512 rerum
