2482 3902
261 230 377 292 LIBER
390 229 525 292 XXXIV.
546 230 630 293 CAP-
644 239 670 296 ⁷·
684 238 712 292 8.
726 239 754 297 9.
775 239 813 308 [a.
830 233 861 294 C.
876 241 938 308 195]
1032 235 1093 302 1³³

105 384 138 447 in
159 385 245 446 luctu
267 399 360 460 quam
376 399 545 460 purpuram
564 391 659 461 atque
679 401 786 448 aurum
801 386 984 465 deponunt?
1009 391 1093 468 quid,

105 483 179 532 cum
191 469 362 541 eluxerunt,
379 474 523 532 sumunt?
537 467 612 544 quid
626 467 657 530 in
669 470 923 545 gratulationibus
936 475 1093 551 supplica-

104 551 308 628 tionibusque
318 549 379 614 nisi
389 550 640 614 excellentiorem
651 561 791 615 ornatum
802 554 960 619 adiciunt?
974 558 1092 620 scilicet

105 639 134 699 si
148 637 252 713 legem
267 633 398 712 Oppiam
411 633 610 712 abrogaritis,
632 653 695 699 non
715 637 811 700 vestri
833 639 949 702 arbitrii
971 640 1044 716 erit,
1065 641 1094 704 si

106 720 186 800 quid
199 719 269 783 eius
284 727 390 782 vetare
403 719 578 794 volueritis,
601 722 686 798 quod
707 739 790 784 nunc
803 724 855 784 lex
870 733 968 798 vetat3
989 726 1092 788 minus

103 803 206 880 lidae,
226 819 360 878 uxores,
381 820 507 868 sorores
528 804 620 866 etiam
641 803 826 883 quibusdam
840 806 871 868 in
886 825 980 871 manu
994 818 1091 885 erunt,

104 904 278 967 numquam
291 887 389 951 salvis
404 886 470 950 suis
485 885 607 950 exuitur
619 889 753 952 servitus
768 890 942 964 muliebris3
958 902 990 956 et
1002 891 1092 972 ipsae

104 974 289 1048 libertatem,
305 989 398 1050 quam
413 970 546 1034 viduitas
560 980 591 1034 et
605 971 719 1038 orbitas
734 975 821 1048 lacit,
838 974 1037 1040 detestantur.
1060 976 1090 1040 in

105 1066 214 1122 vestro
229 1055 354 1120 arbitrio
370 1073 459 1118 snum
475 1063 615 1119 ornatum
631 1075 724 1133 quam
737 1056 768 1118 in
783 1057 861 1135 legis
881 1063 996 1124 malunt
1009 1077 1091 1124 esse.

106 1152 139 1206 et
150 1159 209 1206 vos
224 1140 256 1204 in
270 1157 363 1204 manu
374 1149 406 1204 et
421 1141 531 1217 tutela,
551 1157 614 1202 non
635 1139 667 1202 iu
688 1141 817 1204 servitio
836 1143 957 1206 debetis
977 1145 1092 1207 habere

106 1245 174 1300 eas,
190 1233 221 1288 et
234 1227 324 1288 malle
339 1233 443 1302 patres
456 1241 516 1287 vos
531 1233 584 1288 aut
597 1222 684 1288 viros
699 1225 792 1303 quam
807 1226 950 1290 dominos
961 1226 1031 1290 dici.
1046 1228 1091 1289 in-

105 1309 240 1374 vidiosis
250 1309 426 1372 nominibus
438 1309 580 1373 utebatur
591 1311 817 1384 medecanam,
833 1310 1016 1375 seditionem
1026 1329 1090 1374 mu·

107 1395 237 1457 liebrem
256 1402 288 1456 et
308 1391 520 1457 secessionem
540 1395 736 1470 appellando.
779 1393 811 1455 id
825 1393 907 1456 enim
921 1395 1092 1472 periculum

107 1487 173 1553 est,
193 1495 234 1540 ne
248 1477 377 1541 Sacrum
390 1485 540 1553 montem,
558 1477 639 1540 sicut
654 1479 810 1554 quendam
823 1477 900 1540 irata
914 1481 1020 1556 plebs,
1040 1488 1093 1544 out

106 1561 296 1626 Aventinum
310 1561 443 1640 capiant.
469 1561 648 1638 patiendum
661 1561 734 1624 huie
748 1561 914 1624 infirmitati
928 1573 977 1626 est
991 1565 1090 1641 quod·

108 1663 243 1723 cumque
255 1663 312 1709 vos
324 1645 516 1710 censueritis.
538 1664 600 1723 quo
612 1647 683 1724 plus
695 1646 835 1724 potestis,
849 1663 888 1708 eo
902 1647 1089 1710 moderatius

107 1730 239 1808 imperio
254 1730 299 1794 uti
313 1728 463 1794 debetis.“

191 1817 272 1878 vlll.
292 1816 377 1877 Haec
392 1831 462 1886 cum
477 1823 584 1878 contra
598 1816 699 1892 legem
713 1830 835 1892 proque
856 1817 926 1892 lege
946 1814 1028 1878 dieta
1042 1831 1091 1876 es·

108 1908 195 1976 sent,
220 1899 377 1978 aliquanto
397 1898 496 1962 maior
516 1898 688 1976 frequentia
712 1898 872 1961 mulierum
893 1907 1019 1976 postero
1041 1898 1092 1960 die

108 2001 184 2050 sese
204 1984 235 2046 in
257 1983 414 2062 publicum
428 1982 549 2058 ellirdit,
570 1999 698 2060 unoque
718 1981 839 2060 agmine
854 1999 962 2045 omnes
981 1983 1091 2044 Bruto-

104 2086 179 2134 rum
188 2071 296 2132 ianuas
304 2069 500 2144 obsederunt,
509 2069 562 2145 qui
570 2069 757 2144 collegarum
762 2065 915 2143 rogationi
921 2065 1091 2128 intercede

104 2157 193 2229 bant,
205 2169 263 2216 nec
273 2161 344 2216 unte
355 2152 545 2227 abstiterunt,
557 2151 786 2229 quamremissa
796 2148 978 2218 intercessio
989 2150 1029 2211 ab
1040 2148 1092 2212 tri-

105 2238 203 2303 bunis
213 2245 270 2302 est.
282 2238 366 2299 nulla
374 2236 486 2300 deinde
497 2234 645 2300 dubitatio
657 2235 722 2312 luit,
736 2234 809 2313 quin
822 2251 928 2298 omnes
938 2233 1037 2297 tribus
1048 2235 1092 2296 le-

106 2339 180 2402 gem
191 2323 384 2399 abrogarent.
399 2320 505 2398 viginti
516 2319 606 2383 annis
617 2328 690 2398 post
700 2321 847 2396 abrogata
857 2328 905 2382 est
917 2335 1010 2395 quam
1021 2319 1092 2380 lata.

194 2407 235 2468 M
248 2403 376 2468 Porcius
392 2407 509 2478 consul,
526 2413 692 2482 postquam
702 2403 850 2480 abrogata
860 2404 911 2464 lex
923 2400 1023 2479 Oppia
1034 2411 1091 2476 est,

107 2493 268 2568 extemplo
280 2487 386 2568 viginti
398 2489 536 2567 quinque
547 2487 679 2550 navibus
691 2486 802 2563 longis,
815 2503 943 2562 quarum
955 2485 1094 2561 quinque

109 2574 269 2641 sociorum
284 2582 380 2648 erant,
395 2575 436 2636 ad
445 2575 552 2636 Lunae
564 2579 686 2649 portum
697 2571 866 2647 proiectus,
883 2570 992 2630 eedem
1004 2583 1093 2630 exer-

107 2660 175 2724 citu
190 2659 357 2722 convenire
370 2657 467 2732 iusso,
483 2666 515 2721 et
526 2655 627 2719 edicto
641 2669 699 2732 per
710 2669 795 2716 oraru
805 2650 985 2713 maritimam
995 2651 1092 2714 misso

107 2743 243 2806 navibus
259 2742 358 2808 omnis
372 2742 495 2820 generis
516 2739 697 2814 conuectis,
718 2738 757 2799 ab
770 2737 858 2798 Luna
871 2735 1094 2814 profisciscens

108 2827 225 2904 edixit,
245 2836 280 2892 ut
298 2830 339 2890 ud
354 2835 475 2904 portum
488 2823 639 2906 Pyrenaei
654 2829 871 2902 sequerentur:
896 2819 969 2882 inde
984 2837 1019 2882 se
1033 2821 1093 2882 ne

109 2911 220 2992 quenti
235 2915 337 2976 classe
357 2911 398 2974 ad
417 2911 516 2974 hostis
536 2910 657 2974 iturum.
697 2904 900 2986 praetervecti
916 2903 1094 2983 Ligustinos

108 3006 233 3061 mentes
248 2997 413 3073 sinumque
428 2995 576 3058 Gallicum
590 2994 631 3057 ad
645 2992 728 3056 diem
749 3009 841 3069 quam
861 2989 1001 3053 edixerat
1020 3005 1093 3051 con·

108 3091 272 3146 venerunt
293 3081 366 3144 inde
380 3081 523 3144 Rhodam
536 3087 676 3152 ventum,
693 3086 724 3140 et
737 3073 926 3155 praesidium
939 3073 1093 3152 Hispano-

108 3185 189 3243 rum,
205 3167 291 3245 quod
301 3167 333 3230 in
344 3167 472 3230 castello
484 3174 558 3241 erat,
568 3164 600 3227 vi
611 3162 772 3226 deiectum.
787 3159 944 3224 athoda
955 3157 1093 3220 secundo

109 3261 205 3315 vento
212 3250 375 3330 Emporias
387 3259 578 3329 perventum.
600 3247 643 3310 ibi
658 3245 767 3325 copiae
783 3259 891 3310 omnes
905 3249 1028 3320 praeter
1043 3255 1091 3301 so-

110 3336 179 3401 cios
194 3339 323 3400 navales
338 3336 369 3399 in
385 3344 497 3400 terram
511 3332 683 3412 expositae.
709 3333 758 3392 lll.
773 3329 833 3391 iam
848 3336 920 3389 tunc
929 3322 1095 3402 Emporiae

110 3421 175 3486 duo
190 3421 309 3500 oppida
323 3430 410 3484 erant
424 3437 511 3484 mure
527 3417 637 3482 divisa.
665 3433 759 3478 unum
774 3410 884 3474 Graeci
898 3409 1062 3486 habebant,
1077 3424 1096 3469 a

109 3507 261 3583 Phocaea,
277 3507 360 3570 unde
374 3515 405 3569 et
418 3502 646 3577 Massilienses,
662 3496 798 3575 oriundi,
813 3498 941 3558 alterum
954 3490 1095 3570 Hispani.
1151 3525 1154 3530 ι
