2506 3898
246 207 362 268 thsER
375 206 522 268 XXXVII.
546 207 629 270 CAP.
644 215 685 270 st.
699 215 743 270 or.
767 215 850 283 [ao.
865 215 925 282 190]
1011 210 1086 274 289-

90 364 175 434 iere;
194 369 291 439 atque
305 378 343 423 eo
356 375 481 436 quoque
493 361 587 422 iuneti
599 361 711 433 officio,
726 369 789 424 tum
801 362 922 423 demum
933 363 1075 462 Rhodum

90 449 223 509 rediere.
253 445 365 507 elassis
386 445 526 506 Romana
547 446 585 504 ab
607 445 681 507 Chio
695 445 867 508 Phocaeam
887 448 1013 509 mareuit.
1043 450 1074 508 in

87 533 162 593 sinu
175 530 269 590 muris
289 530 395 590 intimo
417 529 519 604 posita
537 527 615 589 haee
635 529 709 590 urbs
727 535 790 605 est,
813 529 946 606 oblonga
967 531 1073 592 torma.
1125 577 1128 586 .

89 617 186 677 dnum
205 613 320 674 miiitum
341 617 372 672 et
393 613 627 689 quingentorum
647 628 795 688 passuum
817 615 948 689 spatium
969 631 1075 677 murus

88 697 297 775 amplectitur3
330 697 392 758 eoit
416 697 528 758 deinde
548 713 588 758 ex
612 704 741 774 utruque
765 705 852 774 parte
877 699 908 758 in
933 699 1074 760 artiorem

87 785 175 844 velut
188 797 331 842 euneume
352 781 514 856 Lamptera
528 780 587 858 ipsi
598 783 762 857 appeliant.
786 783 866 844 mille
879 790 911 844 et
925 782 1074 844 ducentos

87 881 206 944 passus
228 865 269 925 ibi
289 865 416 926 latitudo
431 869 530 940 potem
552 865 624 924 inde
638 866 668 924 in
683 867 776 927 altrum
792 866 894 940 lingua
908 867 990 926 milia
1003 883 1074 942 pas·

88 967 181 1012 sunm
197 964 365 1010 excurrens
381 949 513 1009 medium
529 949 593 1009 iere
608 948 708 1010 simun
725 951 808 1010 velut
822 957 894 1010 nota
909 951 1073 1025 distinguit,

86 1035 143 1096 ubi
165 1033 309 1094 cohaeret
329 1033 470 1093 saucibus
485 1033 639 1107 arguistis,
662 1033 742 1094 duos
756 1034 786 1094 in
803 1041 961 1108 utramque
974 1035 1074 1109 regio·

90 1134 162 1178 nem
178 1132 288 1178 versos
305 1124 411 1194 portus
425 1117 596 1181 tutissimos
610 1116 712 1176 habet.
734 1117 827 1192 quiin
839 1117 996 1177 meridiem
1006 1134 1074 1178 ver·

87 1204 148 1278 git,
162 1200 382 1264 Naustathmon
398 1201 437 1260 ab
455 1217 489 1259 re
506 1201 675 1276 appeliant,
693 1200 766 1276 quia
778 1199 931 1275 ingentem
945 1201 1005 1260 vim
1021 1218 1073 1262 na-

87 1287 174 1348 vium
189 1287 286 1361 sapiu
309 1286 386 1347 alter
401 1299 500 1360 prope
514 1285 615 1359 ipsum
628 1285 791 1360 Lamptera
804 1289 862 1344 est
883 1283 1000 1343 XXXII.
1017 1285 1074 1346 hos

87 1378 199 1446 portus
214 1369 383 1430 tutissimos
399 1383 468 1430 eum
483 1376 670 1444 oeeupasset
682 1367 822 1430 Romana
837 1367 957 1440 elassis,
974 1367 1074 1444 prius-

89 1471 187 1531 quam
207 1461 260 1514 aut
281 1453 374 1513 seaiis
387 1458 440 1512 aut
454 1453 601 1528 operibus
615 1453 739 1514 moenia
753 1451 987 1528 adgrederetur,
1009 1452 1074 1512 mit-

85 1539 202 1600 tendos
214 1537 333 1598 censuit
343 1545 466 1613 praetor
474 1537 526 1612 qui
534 1536 1074 1612 principummnpistratuumqueani-

86 1639 160 1684 mos
175 1626 366 1698 temptarent.
388 1628 554 1696 postquam
566 1619 737 1682 obstinatos
752 1619 835 1696 vidit,
851 1620 973 1680 duobus
985 1619 1074 1682 simut

87 1707 169 1767 tonis
184 1719 366 1781 oppugnare
380 1711 428 1764 est
442 1705 578 1766 adortus.
601 1706 698 1768 attera
712 1721 785 1782 pars
800 1705 977 1779 infrequens
990 1703 1061 1765 aedi

87 1790 170 1851 ficiis
191 1795 276 1857 ·erat;
309 1789 423 1863 templa
442 1789 538 1849 «deum
563 1789 751 1864 aliquantum
769 1788 914 1854 tenebant
932 1788 1007 1849 loci:
1037 1803 1075 1848 ea

89 1875 178 1950 prius
205 1873 299 1934 ariete
324 1872 447 1932 admoto
478 1879 604 1948 quatere
629 1889 734 1934 muros
766 1879 929 1946 turresque
956 1871 1073 1946 eoepit;

88 1958 162 2019 dein
179 1973 247 2018 eum
262 1972 299 2018 eo
315 1956 473 2016 multitudo
489 1956 715 2018 oecummetad
726 1955 963 2028 defendendum,
979 1955 1075 2014 altera

88 2057 217 2118 quoqne
232 2048 319 2116 parte
339 2041 480 2101 admotus
496 2039 592 2100 aries=
614 2046 645 2100 et
658 2041 718 2101 iem
731 2040 883 2115 utrimque
897 2036 1074 2099 sterneban-

87 2135 142 2188 tur
155 2124 242 2186 muri.
263 2124 303 2184 ad
319 2141 449 2199 quorum
464 2139 570 2185 casum
586 2141 655 2186 otuu
668 2124 813 2202 impetum
823 2123 954 2185 Romani
966 2121 1074 2182 milites

89 2225 149 2288 per
164 2210 273 2285 ipsam
293 2215 426 2283 stragem
446 2210 600 2270 ruinarum
620 2211 771 2284 iacerent,
799 2209 850 2268 aiii
871 2207 963 2268 seaiis
985 2207 1074 2265 etiam

88 2307 258 2357 ascensum
279 2293 309 2353 in
329 2309 434 2354 muros
454 2300 652 2368 temptarent,
671 2295 753 2355 adeo
768 2293 921 2354 obstinato
935 2291 1074 2350 restitere

90 2377 251 2455 oppidani,
267 2383 300 2436 ut
313 2377 402 2437 iaeile
417 2383 580 2453 appareret
592 2378 662 2452 plus
674 2378 704 2436 in
715 2377 809 2437 armis
821 2381 851 2436 et
861 2375 971 2435 virtute
983 2390 1073 2448 quam

89 2464 123 2524 in
144 2460 305 2523 moenibus
326 2461 431 2521 auxilii
449 2475 532 2520 essa.
566 2466 691 2522 coaetus
711 2475 785 2534 ergo
801 2458 937 2534 pertento
949 2458 1074 2517 miiitum

90 2553 217 2624 praetor
233 2545 371 2621 receptui
387 2545 455 2604 cani
468 2543 571 2617 iussit,
593 2558 632 2602 ne
648 2543 783 2604 obiceret
795 2543 935 2602 incautos
950 2539 1073 2600 turenti-
1107 2584 1111 2592 ,

89 2632 152 2692 bus
168 2629 384 2705 desperatione
398 2643 435 2688 ae
449 2626 544 2688 rabie.
567 2627 717 2702 dirempto
733 2625 860 2702 proelio,
875 2639 914 2683 ne
929 2629 992 2682 turn
1008 2624 1073 2697 qui-

91 2715 164 2776 dem
184 2713 227 2772 ad
248 2713 378 2788 quietem
393 2712 491 2786 versi,
513 2711 571 2770 sed
586 2711 722 2786 undique
737 2725 842 2771 omnes
857 2708 896 2768 ad
911 2706 1076 2766 munienda

90 2806 125 2860 et
135 2797 332 2858 obmolienda
343 2811 423 2871 quae
436 2795 532 2857 ruinis
547 2802 641 2855 strata
655 2801 741 2855 erant
755 2797 981 2856 concurrerunt.
1004 2788 1075 2852 huie

90 2881 182 2958 operi
197 2880 319 2942 intentis
335 2879 512 2955 supervenit
527 2878 560 2953 Q.
576 2880 743 2954 Antonius,
760 2895 779 2939 a
794 2884 935 2954 praetore
948 2876 1073 2946 missus,

93 2966 149 3045 qui
169 2965 318 3040 castigata
338 2964 505 3040 pertinacia
526 2979 632 3025 eorum
646 2963 794 3025 maiorem
809 2977 911 3024 euram
926 2957 1074 3020 Romanis

95 3061 190 3126 quam
204 3047 263 3109 iliis
280 3047 464 3108 ostenderet·
471 3061 558 3119 esse,
579 3063 619 3106 ne
632 3048 662 3107 in
677 3047 843 3123 perniciem
856 3045 942 3106 urbis
958 3057 1075 3120 pugna-

90 3141 189 3194 retur.
216 3133 244 3192 si
258 3131 408 3194 absistere
427 3133 530 3192 iurare
549 3131 677 3206 vellent,
697 3137 877 3208 potestatem
893 3129 931 3187 iis
946 3128 1010 3188 dari
1025 3141 1075 3185 eu·

95 3218 172 3277 dem·
182 3215 378 3289 condicione,
395 3231 456 3290 qua
470 3214 555 3290 prius
571 3213 602 3274 G.
616 3215 692 3276 Livii
706 3216 736 3275 in
751 3213 844 3274 iidem
858 3211 1024 3283 venissent,
1040 3224 1076 3268 se

95 3297 245 3361 tradendi.
271 3297 348 3358 haee
364 3313 433 3358 eum
448 3298 620 3369 audissent,
638 3298 772 3376 quinque
787 3295 905 3357 dierum
920 3293 1020 3368 spatio
1036 3291 1074 3351 ad

97 3383 326 3444 deliberandum
340 3389 472 3457 sumpto,
487 3388 632 3457 temptata
645 3382 762 3442 interim
777 3395 835 3454 spe
847 3375 950 3438 auxilii
962 3375 1000 3438 ab
1012 3378 1075 3437 An·

97 3466 214 3540 doeho,
237 3474 399 3542 postquam
421 3464 511 3541 iegati
533 3465 619 3526 missi
640 3467 680 3526 ad
699 3479 803 3539 regem
817 3461 891 3522 nihil
904 3459 936 3520 in
950 3475 988 3521 eo
1003 3475 1076 3521 esse

142 3565 171 3612 r.
181 3566 244 3608 nrvr
259 3565 333 3610 nnus
348 3549 401 3608 tv.
833 3553 866 3608 19
