2482 3902
189 243 231 306 al
334 243 449 306 LlBhR
459 243 590 304 XXXIII.
614 241 696 300 CAP.
709 247 751 301 13.
765 247 807 300 14.
830 244 867 312 [a.
879 243 917 297 U.
929 259 954 295 a.
965 241 1031 308 555]

190 409 270 470 quae
285 399 355 454 ante
365 392 478 453 bellum
488 390 676 464 habuissent,
692 387 809 450 restitui
819 388 939 450 Aetolis
952 403 1087 464 aequum
1100 403 1170 448 cen-

189 477 285 550 sebat,
302 485 331 536 ct
345 477 386 536 ita
400 477 431 535 in
446 475 570 536 loedere
583 474 681 550 primo
698 480 819 533 cautum
831 485 913 544 esse,
928 477 963 531 ut
972 471 1044 530 belli
1055 473 1171 546 praeda

188 575 353 636 rerumque
367 575 447 636 quae
463 557 535 619 ierri
549 557 661 633 agique
675 561 819 632 possent,
840 555 1016 629 Romanos,
1033 569 1108 630 ager
1122 571 1168 616 ur·

188 646 308 719 basque
322 651 431 719 captae
443 643 571 703 Aetolos
587 647 798 716 sequerentur.
830 643 930 713 „vos“
951 637 1052 714 inquit
1072 639 1171 714 „ipsl‘

189 727 346 802 Quinctius
368 726 543 800 „societatis
564 724 652 786 istius
672 725 757 800 leges
777 723 922 798 rupistis,
949 739 1012 798 quo
1031 730 1171 798 tempore

187 811 301 872 relictis
322 811 412 872 nobis
433 825 501 869 cum
516 808 656 885 Philippo
677 823 786 883 pacem
807 808 933 869 lecistis.
968 822 1050 881 quae
1066 806 1094 866 si
1109 823 1171 866 rna·

188 902 288 968 neret,
310 901 467 970 captarum
488 900 588 953 tamen
609 892 728 952 urbium
744 891 796 952 illa
809 893 860 952 lex
874 893 969 953 ioret=
992 890 1171 952 Thessaliae

188 978 324 1039 civitates
351 994 408 1038 sua
433 977 587 1038 voluntate
607 975 638 1036 in
659 975 812 1036 dicionem
831 983 969 1037 nostram
988 978 1171 1036 venerunt.“

187 1062 264 1122 haee
290 1078 358 1122 curn
377 1062 510 1122 omnium
530 1061 684 1122 sociorum
707 1060 845 1121 adsensu
866 1060 948 1120 dicta
966 1059 1088 1121 Aetolis
1111 1075 1169 1120 non

187 1147 216 1205 in
239 1147 413 1222 praesentia
433 1147 525 1206 modo
546 1145 652 1220 gravia
670 1143 791 1219 auditu,
817 1145 875 1205 sed
895 1159 968 1205 mox
992 1143 1086 1204 etiam
1101 1142 1170 1202 belli

187 1245 282 1290 causa
297 1245 536 1306 magnarumque
552 1244 643 1289 exeo
659 1228 790 1289 cladium
803 1228 841 1288 iis
857 1229 988 1289 luerunt.
1016 1241 1088 1286 eum
1102 1225 1169 1286 Phi·

186 1314 272 1389 lippo
293 1313 335 1374 ita
356 1313 513 1388 convenit,
535 1320 569 1372 ut
582 1313 767 1373 Demetrium
788 1312 883 1372 lilium
904 1319 935 1372 et
956 1311 1114 1386 quosdam
1134 1325 1170 1369 ex

185 1399 353 1457 amicorum
375 1412 501 1457 numero
524 1397 651 1456 obsides
672 1403 703 1456 et
717 1397 849 1457 ducenta
870 1397 983 1456 talenta
1004 1395 1110 1466 daret,
1134 1394 1170 1452 de

187 1480 297 1540 ceteris
316 1481 445 1540 Romam
471 1479 599 1540 mitteret
622 1481 760 1554 legatos;
788 1480 916 1540 adeam
936 1493 1002 1538 rem
1025 1484 1171 1554 quattuor

185 1577 324 1624 mensum
339 1562 473 1622 indutiae
487 1569 601 1622 essent.
635 1565 662 1623 si
677 1579 739 1638 pax
753 1579 815 1625 non
830 1563 990 1638 impetrata
1005 1562 1045 1622 ab
1061 1567 1171 1622 senatu

186 1647 278 1718 loret,
301 1645 426 1706 obsides
442 1647 665 1722 pecuniamque
678 1648 767 1708 reddi
780 1647 921 1722 Philippo
936 1652 1099 1721 receptum
1115 1653 1170 1706 est.

186 1743 281 1788 causa
300 1729 438 1790 Romano
462 1731 638 1805 imperatori
658 1747 718 1792 non
740 1733 801 1791 alia
819 1732 917 1791 maior
937 1729 1036 1791 luisse
1060 1729 1170 1790 dicitur

186 1813 382 1872 maturandae
402 1813 502 1888 pacis,
525 1829 617 1890 quam
634 1815 717 1890 quod
730 1815 915 1876 Antiochum
928 1814 1044 1875 bellum
1060 1813 1171 1874 transi-

184 1901 310 1970 tumque
323 1895 354 1955 in
368 1897 523 1972 Europam
538 1899 637 1959 moliri
653 1900 820 1960 constabat.

268 1979 347 2039 XIV.
374 1981 492 2041 Eodem
515 1989 653 2058 tempore
674 1989 780 2058 atque,
806 1991 840 2044 ut
861 1983 986 2059 quidam
1002 1981 1171 2056 tradidere,

185 2063 295 2122 eodem
316 2064 366 2123 die
387 2065 427 2125 ad
442 2063 616 2126 Corinthum
635 2066 753 2127 Achaei
775 2067 885 2128 ducem
905 2067 1025 2142 regium
1044 2065 1171 2128 Andro-

185 2147 324 2206 sthenem
338 2147 418 2208 iusto
432 2151 551 2222 proelio
567 2150 719 2211 fuderunt.
748 2165 816 2211 eam
830 2151 939 2212 urbem
953 2166 1011 2226 pro
1028 2165 1101 2210 aree
1115 2149 1172 2210 ha-

185 2230 301 2288 biturus
311 2229 471 2306 Philippus
483 2233 633 2294 adversus
645 2233 791 2294 Graeciae
804 2236 951 2307 civitates,
968 2242 998 2295 et
1008 2232 1173 2310 principes

184 2313 256 2372 inde
269 2321 417 2375 evocatos
432 2331 488 2391 per
501 2316 637 2392 speciem
652 2318 854 2394 colloquendi,
872 2325 1018 2394 quantum
1030 2317 1174 2394 equitum

185 2396 258 2455 dare
271 2395 412 2459 Corinthii
427 2400 467 2459 ad
477 2400 589 2462 bellum
600 2408 737 2476 possent
749 2402 915 2464 retinuerat
925 2418 982 2477 pro
995 2401 1172 2474 obsidibus,

184 2487 214 2540 et
238 2488 360 2554 praeter
389 2483 573 2558 quingentos
598 2484 786 2547 Macedonas
813 2487 989 2561 mixtosque
1019 2484 1172 2546 exomni

183 2578 297 2638 genere
320 2567 501 2630 auxiliorum
517 2569 723 2644 octingentos,
740 2569 824 2644 quod
839 2569 900 2630 iam
914 2577 984 2630 ante
998 2568 1042 2629 ibi
1059 2569 1171 2640 luerat,

183 2647 263 2706 mille
274 2647 477 2712 Macedonum
493 2667 530 2712 eo
545 2653 669 2714 miserat
682 2661 712 2714 et
722 2653 803 2713 mille
817 2669 855 2713 ac
870 2654 1021 2714 ducentos
1033 2651 1170 2731 illyrios,

182 2729 379 2824 Thracasque
395 2743 426 2794 et
440 2735 611 2809 Cretenses,
628 2737 725 2811 quiin
741 2744 870 2812 utraque
884 2744 971 2812 parte
985 2735 1170 2808 militabant,

184 2819 383 2906 ocnngentos.
420 2817 468 2876 his
491 2818 585 2878 additi
601 2819 711 2880 Boeoti
723 2820 925 2895 Thessalique
940 2825 970 2880 et
982 2821 1171 2881 Acarnanes

183 2895 278 2990 mille,
301 2899 410 2959 scutati
426 2915 547 2974 omnes,
570 2908 600 2962 et
615 2918 654 2963 ex
669 2903 805 2979 ipsorum
821 2903 1046 2966 Corinthiorum
1060 2903 1170 2962 iuven·

182 2981 254 3050 tute,
269 2981 392 3055 impleta
405 2989 439 3043 ut
453 2992 558 3045 essent
572 3001 629 3046 sex
640 2987 722 3048 milia
732 2996 926 3062 armatorum,
942 2988 1091 3048 fiduciam
1102 2987 1171 3048 An·

183 3061 341 3123 drostheni
369 3066 506 3127 lecerunt
530 3069 596 3129 acie
622 3072 816 3134 decernendi.
853 3072 1014 3134 Niceratus
1040 3077 1170 3146 praetor

181 3143 376 3208 Achaeorum
396 3149 531 3229 Sicyone
555 3161 620 3216 erat
643 3170 712 3216 oum
734 3155 856 3218 duobus
876 3156 997 3216 milibus
1019 3155 1170 3230 peditum,

183 3236 303 3326 centum
324 3233 492 3310 equitibus=
520 3238 577 3298 sed
597 3239 744 3315 imparem
765 3256 801 3300 se
818 3248 849 3301 et
863 3255 991 3300 numero
1007 3246 1038 3298 et
1052 3252 1170 3315 genere

181 3315 307 3410 militum
322 3332 451 3379 cernens
465 3321 627 3384 moenibus
643 3341 705 3386 non
720 3324 898 3386 excedebat.
933 3323 1039 3398 regiae
1056 3319 1171 3398 copiae

181 3396 317 3468 peditum
338 3401 534 3480 equitumque
553 3423 651 3483 vagae
670 3407 882 3468 Pellenensem
901 3415 932 3468 et
944 3405 1113 3467 Phliasium
1137 3410 1170 3463 et

182 3476 365 3543 Cleonaeum
372 3488 758 3566 agrumdepopulabantur.
770 3497 928 3566 postremo
937 3490 1167 3566 exprobrantes
