2482 3900
299 253 416 314 LIBER
429 254 548 314 XXXII.
570 255 653 316 cal.
669 265 696 319 8.
707 265 733 320 9.
756 263 792 332 [a.
806 265 837 323 C.
851 265 912 332 198]
1054 262 1095 326 5³

112 405 231 470 auxilia
251 406 310 467 neo
330 403 419 482 ipsos
439 405 591 468 missuros
612 409 714 470 Attalo
735 408 886 472 adversus
900 411 1094 491 Antiochum,

107 493 231 554 socium
244 497 275 552 et
285 491 416 551 amicum
428 491 534 566 populi
544 491 684 568 Romani,
699 505 757 552 nec
767 493 860 554 Attali
872 496 985 558 auxilia
995 505 1092 560 reten-

107 584 196 638 turos
207 576 288 638 ultra
298 575 462 652 quamregi
477 575 672 638 commodum
685 581 778 638 esset.
807 591 931 654 semper
945 583 1093 656 poputum

106 663 282 723 Romanurn
303 657 411 720 alienis
430 660 525 722 rebus
548 657 673 722 arbitrio
694 659 794 722 alieno
809 678 915 724 usuma
937 669 967 726 et
981 666 1091 740 princi-

106 746 193 822 pium
208 751 239 808 et
252 744 344 804 finem
357 743 388 804 in
410 749 594 820 potestatem
608 742 763 822 ipsorum,
787 745 839 822 qui
853 762 914 823 ope
928 763 986 810 sua
999 750 1093 811 velint

106 829 232 892 adiutos
246 829 418 901 Romanos,
430 844 510 890 esse.
543 829 661 904 legatos
677 828 716 889 nd
730 829 916 891 Antiochum
930 832 1090 910 missuros,

106 915 160 990 qui
181 913 321 974 nuntient
333 912 425 974 Attali
447 912 632 988 naviumque
654 912 721 973 eius
742 918 773 972 et
786 912 913 976 militum
928 931 1023 993 opera
1037 919 1090 978 ad·

106 1015 219 1060 versus
231 997 404 1074 Philippum
419 1012 609 1060 communem
624 997 744 1067 hostem
759 997 802 1059 uti
816 1001 964 1075 populum
977 1001 1089 1064 Roma-

105 1099 197 1154 nmn3
220 1087 339 1158 gratum
353 1097 423 1143 eum
437 1083 585 1144 iacturum
599 1081 728 1155 senatui,
745 1081 772 1140 si
785 1097 881 1156 regno
893 1084 984 1145 Attali
996 1085 1089 1147 absti-

105 1173 179 1228 neat
202 1167 349 1243 belloque
373 1163 516 1237 absistat;
549 1181 682 1242 aequum
707 1179 780 1226 esse
801 1166 906 1228 socios
921 1173 952 1228 et
973 1170 1088 1234 anneot

106 1251 214 1329 populi
220 1251 352 1312 Romani
361 1265 451 1326 reges
463 1251 541 1312 inter
552 1265 588 1310 se
596 1264 722 1326 quoque
733 1249 822 1325 ipsos
833 1265 942 1326 pacem
954 1266 1088 1312 seruare.

190 1335 242 1400 IX.
267 1334 429 1396 Consulem
440 1335 471 1395 T.
490 1333 660 1409 Quinctimn
675 1335 718 1394 ita
731 1332 835 1396 habito
851 1334 973 1410 dilectu,
985 1343 1019 1396 ut
1032 1351 1087 1398 eos

105 1423 171 1482 lere
184 1423 301 1496 legeret
316 1419 411 1496 quiin
424 1419 573 1496 Hispania
587 1425 639 1480 aut
648 1418 753 1479 Africa
767 1419 953 1480 meruissent
966 1427 1087 1495 specta·

104 1514 154 1566 tae
177 1505 295 1566 virtutis
318 1504 443 1584 milites,
465 1511 682 1580 properantem
696 1503 727 1563 in
743 1503 931 1579 provinciam
945 1504 1089 1580 prodigia

104 1587 243 1650 nuntiata
268 1595 361 1666 atque
384 1604 490 1651 eorum
513 1587 688 1665 procuratio
710 1588 827 1649 Romae
848 1595 1018 1650 tonuerunt.
1048 1589 1087 1648 da

104 1675 193 1734 caclo
216 1679 297 1734 tacta
311 1678 397 1733 erant
410 1675 461 1736 via
475 1673 596 1749 publica
609 1672 712 1744 Veiis,
735 1673 836 1734 lorum
850 1679 881 1734 et
894 1673 988 1734 aedes
1004 1675 1086 1734 lovis

103 1757 249 1830 Lanuvii,
264 1757 403 1818 Herctdis
420 1757 513 1818 aedes
529 1757 665 1832 Ardeae,
682 1756 806 1832 Capuae
821 1774 925 1818 murus
941 1765 972 1818 et
985 1765 1084 1820 turres

104 1849 135 1902 et
156 1841 252 1902 aedes
278 1857 358 1916 quae
372 1841 452 1902 Alba
476 1841 593 1902 dicitur.
631 1842 749 1902 caelum
771 1843 880 1902 ardere
902 1842 1002 1902 visum
1022 1849 1086 1904 erat

105 1924 228 1986 Arretii.
259 1932 340 1986 terra
351 1925 476 1986 Velitris
499 1924 587 1987 trimn
608 1925 745 2001 iugerum
766 1926 867 2002 spatio
890 1941 1022 1986 caverna
1040 1925 1084 1984 in-

105 2010 187 2086 genti
215 2009 386 2072 desederat.
420 2008 555 2071 Suessae
579 2010 745 2070 Auruncae
769 2009 948 2070 nuntiabant
973 2025 1085 2083 agnum

105 2109 175 2154 cum
192 2093 314 2156 duobus
338 2094 490 2171 capitibus
506 2101 622 2167 natum,
646 2100 676 2154 et
690 2093 859 2156 Sinuessae
873 2109 1001 2170 porcum
1016 2109 1085 2153 curn

104 2179 240 2239 humano
266 2178 375 2254 capite.
409 2194 516 2240 eorum
542 2179 751 2254 prodigiorum
777 2194 873 2240 causa
900 2178 1084 2253 supplicatio

95 2255 201 2324 'unum
216 2262 298 2323 diem
311 2263 428 2339 habita,
452 2271 481 2325 et
495 2265 638 2324 consules
653 2261 747 2324 rebus
763 2260 874 2324 divinis
890 2277 1016 2338 operam
1031 2261 1083 2321 de-

105 2347 224 2420 derunt,
240 2341 430 2424 placatisque
442 2346 500 2408 diis
515 2346 643 2423 proiecti
653 2347 683 2406 in
696 2346 871 2422 provincias
883 2355 962 2408 sunt.
977 2346 1084 2405 Aelius

102 2447 176 2492 oum
198 2431 307 2492 Helvio
332 2433 529 2506 praetorem
557 2431 699 2502 Galliam;
734 2432 965 2506 exercitumque
991 2431 1029 2490 ab
1050 2429 1083 2488 L.

105 2516 234 2576 Lentulo
250 2523 424 2592 acceptum,
441 2531 531 2592 quern
547 2514 696 2575 dimittere
712 2515 857 2587 debebat,
876 2513 1010 2588 praetori
1024 2519 1084 2572 tra-

106 2599 197 2674 didit,
219 2600 288 2674 ipse
302 2601 391 2662 novis
406 2599 578 2676 legionibus
595 2615 673 2673 quas
695 2612 801 2658 seeum
816 2597 1001 2666 adduxerat,
1020 2595 1084 2654 bel·

104 2685 168 2742 lum
188 2689 342 2757 gesturus.
376 2699 476 2761 neque
497 2681 702 2744 memorabilis
724 2681 770 2740 rei
793 2681 957 2757 quicquam
978 2679 1084 2754 gessit.

104 2773 135 2828 et
148 2765 181 2826 T.
198 2765 357 2842 Quinctius
379 2769 454 2830 alter
476 2766 748 2830 consulmaturius
763 2765 987 2842 quampriores
1003 2761 1085 2824 soliti

103 2858 192 2912 erant
213 2855 374 2928 consules,
397 2851 595 2914 aBrundisio
616 2865 686 2912 curn
699 2850 896 2924 ammisisset,
918 2849 1083 2927 Corcyram

103 2936 202 2997 tenuit
223 2952 296 2998 cum
315 2943 385 3000 octo
407 2936 529 2998 milibus
545 2937 695 3012 peditum,
721 2934 875 3012 equitibus
892 2933 1084 3010 octingentis.

102 3021 143 3082 ab
160 3019 297 3099 Corcyra
314 3022 346 3081 in
368 3021 509 3099 proxima
521 3021 606 3095 ltpirt
629 3019 841 3097 quinqueremi
854 3018 986 3091 traiecit,
1011 3025 1042 3078 et
1054 3017 1085 3075 in

103 3111 207 3166 castra
220 3106 360 3167 Romana
380 3107 499 3182 magnis
522 3103 681 3166 itineribus
705 3103 875 3175 contendit;
898 3103 978 3162 inde
992 3099 1084 3160 Villio

102 3187 233 3251 dimisso
247 3206 366 3266 paucos
382 3197 518 3251 maratus
533 3189 610 3263 dies,
634 3189 706 3250 dum
721 3205 756 3250 se
771 3188 881 3264 copiae
896 3185 934 3246 ab
950 3185 1086 3261 Corcyra

101 3275 364 3350 adsequerentur,
381 3273 542 3336 consilium
555 3271 675 3349 habuit,
691 3280 792 3334 utrum
805 3277 890 3332 recto
906 3267 1014 3328 itinere
1029 3277 1082 3341 per

102 3363 207 3420 casti-a
218 3358 354 3421 hostium
367 3356 429 3418 vim
443 3359 546 3419 lacere
560 3364 732 3432 conaretur,
752 3373 790 3416 an
805 3371 845 3415 ne
857 3359 1003 3428 temptata
1019 3349 1084 3426 qui·

102 3444 175 3504 dem
196 3457 231 3502 re
250 3443 326 3505 tanti
350 3441 466 3504 laboris
488 3457 525 3502 aa
547 3441 675 3518 periculi
697 3455 752 3516 per
765 3437 960 3500 Dassaretios
983 3433 1085 3512 potius

101 3527 308 3605 Lyncumque
330 3532 394 3588 tato
410 3526 538 3588 circuitu
553 3524 766 3586 Macedoniam
780 3522 914 3582 intraret.
946 3519 1085 3580 vicisset-
