2482 3902
208 213 270 278 150
311 213 428 276 Llltlftt
438 213 573 274 xxxiv.
596 211 679 274 CAP.
694 217 739 276 29.
754 220 798 275 30.
809 219 855 276 at.
876 219 914 286 [e.
924 217 960 271 U.
974 236 1000 271 e.
1013 219 1078 286 5⁵⁷]

201 368 325 430 tradidit
338 366 477 442 Quinctio
497 364 615 426 urbem.
646 364 829 440 priusquam
845 363 990 443 Gythium
1003 365 1183 443 traderetur,

200 452 392 532 Pythagoras
408 451 583 526 praefectus
596 449 689 524 Argis
704 449 838 522 relictus,
852 449 964 510 tradita
978 449 1123 513 custodia
1136 469 1184 512 ur-

201 537 249 600 bis
259 535 421 598 Timocrati
431 532 613 608 Pellenensi,
629 549 698 593 cum
713 533 794 592 mille
808 533 1026 594 mercennariis
1038 534 1185 596 militibus

201 627 232 682 et
245 619 368 681 duobus
388 616 510 680 milibus
532 618 716 692 malvarum
735 617 1000 678 Lacedaemonem
1018 618 1061 678 ad
1077 619 1184 680 Nabim

200 705 293 764 venit.

284 787 375 848 XXX.
396 785 489 848 Nabis
505 787 584 848 siout
598 786 695 862 primo
710 787 844 847 adventu
857 786 1016 848 Romanae
1030 785 1143 848 elassis
1157 796 1185 849 et

200 871 362 934 traditione
376 870 561 946 oppidorum
575 870 742 932 maritimae
757 885 832 932 orae
846 871 1030 932 conterritus
1044 879 1125 944 erat,
1141 872 1184 932 sic

200 972 298 1034 parva
312 971 370 1032 spe
385 971 455 1016 cum
468 955 677 1032 acquievisset
691 954 803 1033 Gythio
818 954 857 1014 ab
872 954 939 1015 suis
953 960 1083 1027 retento,
1099 961 1184 1030 post-

201 1057 294 1118 quam
307 1041 340 1101 id
355 1054 481 1116 quoque
497 1039 639 1102 traditum
654 1038 800 1101 Romanis
819 1038 937 1100 audivit
951 1051 1040 1112 esse,
1060 1053 1133 1100 cum
1147 1040 1184 1100 ab

199 1133 281 1187 terra
295 1123 437 1186 omnibus
452 1123 535 1184 circa
548 1122 688 1185 hostibus
704 1122 778 1183 nihil
792 1122 862 1198 spei
875 1128 969 1198 esset,
983 1123 1094 1184 amari
1109 1141 1185 1200 quo·

202 1225 263 1286 que
276 1215 340 1271 toto
362 1223 398 1270 se
410 1208 623 1282 interclusum,
645 1207 817 1269 cedendum
831 1207 973 1269 fortuma
988 1212 1075 1268 ratus
1091 1209 1184 1270 cadu-

201 1300 353 1355 ceatorem
369 1293 500 1369 primum
514 1293 545 1352 iu
560 1300 661 1354 castra
674 1292 757 1353 misit
770 1291 810 1352 ad
825 1291 1065 1368 explorandum,
1088 1293 1115 1352 si
1131 1309 1183 1368 pa·

200 1385 337 1438 terantur
349 1377 468 1452 legatos
484 1378 573 1438 adse
587 1377 672 1438 mitti.
695 1391 757 1454 qua
769 1375 930 1453 impetrata
942 1391 978 1436 re
990 1375 1184 1456 Pythagoras

201 1463 241 1522 ad
254 1461 470 1538 impmatorem
487 1461 585 1536 venit,
605 1461 697 1522 nullis
712 1475 782 1522 cum
794 1461 861 1522 aliis
878 1461 1031 1522 mandatis
1046 1477 1141 1537 quam
1154 1468 1185 1522 ut

200 1553 332 1624 tyranno
355 1545 489 1622 colloqui
511 1558 581 1606 cum
599 1545 784 1621 imperatore
798 1545 912 1606 liceret.
943 1545 1074 1606 consilio
1089 1547 1183 1607 advo-

202 1637 269 1691 cato
295 1646 363 1690 cum
384 1646 491 1692 omnes
517 1629 653 1692 dandum
673 1630 859 1706 colloquium
880 1630 1091 1705 censuissent,
1117 1631 1183 1691 dies

199 1715 351 1789 locusque
366 1713 566 1776 constituitur.
589 1713 621 1774 in
631 1715 751 1776 mediae
762 1713 897 1790 regionis
908 1715 1042 1776 tumulos
1053 1713 1183 1776 modieis

201 1798 299 1873 copiis
321 1799 521 1874 sequentibus
543 1815 614 1862 eum
627 1799 799 1874 venissent,
820 1799 935 1860 relictis
949 1798 992 1858 ibi
1005 1799 1038 1860 in
1052 1799 1184 1861 statione

201 1890 370 1958 conspecta
382 1883 536 1961 utrimque
551 1883 729 1946 cohortibus
742 1883 836 1945 Nabis
852 1899 922 1944 eum
936 1883 1066 1944 delectis
1081 1890 1182 1947 custo-

201 1966 291 2030 dibus
313 1969 469 2044 corporis,
492 1968 650 2044 Quinctius
671 1984 741 2030 eum
763 1969 855 2029 fratre
869 1975 900 2030 et
912 1968 1051 2030 Eumene
1064 1984 1142 2045 rege
1156 1975 1184 2030 et

202 2049 323 2114 Sosilao
331 2051 452 2115 Rhodio
464 2058 495 2113 et
503 2053 667 2114 Aristaeno
678 2052 874 2115 Achaeorum
886 2058 1030 2129 praetore
1038 2053 1182 2116 tribunis-

201 2151 262 2210 que
275 2137 402 2196 rnilitum
416 2137 525 2212 paucis
542 2135 711 2197 descendit.
731 2136 837 2198 XXXI.
859 2137 902 2198 ibi
917 2136 1069 2214 permisso
1081 2144 1117 2200 ut
1130 2154 1183 2200 seu

200 2217 303 2278 dicere
324 2221 410 2295 prius
431 2236 487 2280 seu
508 2219 615 2281 audire
628 2221 746 2296 mallet,
768 2223 811 2282 ita
825 2221 928 2298 coepit
946 2227 1109 2300 tyrannus.
1139 2223 1183 2298 „si

200 2302 269 2376 ipse
284 2319 340 2378 per
353 2320 412 2378 me,
422 2305 459 2364 T.
474 2304 592 2379 Quincti
606 2321 727 2381 vosque
743 2306 795 2382 qui
810 2306 937 2381 adestis,
952 2322 1079 2369 caeream
1091 2321 1182 2368 exco-

199 2387 304 2461 gitare,
321 2403 375 2450 cur
389 2388 461 2448 mihi
476 2395 527 2450 aut
541 2389 730 2450 indixissetis
742 2389 856 2450 bellum
870 2397 921 2452 aut
931 2390 1094 2466 inferretis,
1111 2406 1182 2468 pos·

200 2487 275 2547 seru,
290 2473 398 2534 tacitus
417 2480 559 2534 eventum
573 2476 714 2536 fortunae
728 2489 816 2534 meae
827 2481 1077 2551 exspectassemr
1101 2491 1181 2542 nunc

199 2559 351 2633 imperare
371 2558 472 2620 animo
493 2559 631 2636 nequivi,
655 2559 743 2635 quin,
763 2559 945 2634 priusquam
960 2559 1110 2636 perirem,
1131 2575 1182 2620 our

199 2642 353 2716 periturus
365 2658 467 2704 essem
478 2643 599 2705 scirem.
615 2650 645 2704 et
655 2643 807 2716 hercules,
820 2643 847 2703 si
857 2643 935 2704 tales
947 2643 1070 2718 essetis,
1084 2645 1180 2721 queis

200 2741 272 2785 esse
287 2726 553 2802 carthaginienses
569 2729 650 2788 farno
663 2735 726 2804 est,
742 2726 827 2804 apud
841 2744 921 2804 ques
935 2727 1009 2788 nihil
1024 2729 1181 2790 societatis

199 2807 278 2868 fides
299 2810 397 2869 saneti
416 2809 558 2886 haberet,
580 2812 609 2870 in
631 2827 680 2871 me
701 2827 828 2888 quoque
843 2813 933 2873 vobis
949 2812 1026 2888 quid
1039 2812 1180 2873 faceretis

198 2890 297 2951 minus
319 2893 409 2968 pensi
429 2909 502 2954 esse
522 2911 583 2955 non
603 2896 744 2955 mirarer:
778 2911 860 2958 nuno
880 2912 949 2957 cum
969 2911 1029 2957 vos
1049 2897 1181 2968 intueor,

197 2975 354 3037 Romanos
376 2992 448 3037 esse
462 2977 568 3052 viden,
591 2979 643 3055 qui
657 2994 759 3040 rerum
775 2979 947 3042 divinarum
960 2981 1103 3056 foedera,
1124 2980 1182 3041 hu-·

197 3074 355 3122 manarum
369 3060 462 3122 tidem
476 3063 622 3124 socialem
638 3063 862 3124 sanctissimam
873 3063 1029 3136 habeatis;
1052 3080 1122 3126 cum
1130 3080 1180 3123 me

197 3143 266 3219 ipse
279 3145 413 3221 respexi,
429 3161 499 3208 eum
513 3161 585 3208 esse
600 3161 703 3223 spero,
719 3150 767 3210 eui
783 3157 813 3209 et
826 3149 958 3224 publice,
974 3150 1056 3210 sicut
1069 3149 1178 3210 ceteris

196 3227 463 3303 Lacedaemoniis,
489 3231 649 3293 vobiscum
673 3233 914 3294 vetustissimum
939 3233 1050 3296 foedus
1071 3233 1121 3304 sit,
1149 3236 1180 3290 et

197 3325 266 3371 meo
281 3313 403 3373 nomine
417 3315 557 3389 privatim
572 3316 703 3376 amicitia
718 3331 755 3376 ac
770 3317 913 3390 societas,
935 3332 1035 3392 nuper
1049 3313 1178 3390 Philippi

196 3393 276 3454 bello
298 3405 454 3457 renovata.
487 3405 517 3458 at
532 3398 611 3456 enim
632 3414 690 3472 ego
706 3415 774 3460 earn
790 3399 901 3460 violavi
916 3406 947 3460 el
960 3401 1071 3475 everti,
1093 3399 1178 3474 quod

195 3475 380 3548 Argivorum
401 3481 552 3541 civitatem
571 3489 672 3541 teneo.
707 3483 863 3558 quomodo
884 3483 944 3546 hoc
957 3490 1066 3545 tuear?
1090 3497 1123 3542 re
1139 3497 1181 3542 an
