2480 3904
236 247 348 314 cleers
361 249 480 314 xxxv.
504 251 874 328 caesarensem]
980 249 1043 320 ποῖ

77 405 234 466 camenus:
255 407 414 464 numerum
431 404 498 463 iniri
514 403 648 479 peditum
661 405 859 479 equitumque
872 414 907 464 au
919 405 1041 466 navium

75 498 127 549 noli
137 493 250 564 posse;
269 487 504 563 elephantorum
519 487 616 546 aciem
631 493 802 562 conspecta
822 488 892 563 ipso
906 489 1041 549 debella-

74 573 169 632 turarir.
191 571 319 634 ssietoios
333 579 398 633 toto
414 583 472 632 suo
488 571 624 631 exercitu
639 578 763 646 paratos
777 580 849 632 esse
864 573 969 632 venire
983 571 1040 633 La·

74 655 294 729 eudaemonem,
314 667 389 716 cum
408 659 460 716 nes
475 662 605 730 pestate
634 655 691 715 sed
714 656 883 731 frequentis
905 657 1039 718 mmatos

74 739 223 800 ost'eil'o‘ei‘e
238 729 411 800 advenienti
423 735 646 814 legivquisse.
669 737 778 799 Nabidi
794 745 919 815 queque
932 746 965 800 et
978 740 1040 815 ipsi

73 821 231 883 iucieiidiiiin
247 827 319 884 esse
334 826 368 882 ut
382 837 460 898 quus
474 821 602 882 hanuet
616 821 739 898 copias,
758 833 823 884 ‘non
841 823 960 883 sineret
977 825 1038 884 'sub

72 906 148 968 tectis
162 907 353 968 mecce'scere
369 907 446 981 otio,
461 905 520 966 sed
530 905 676 966 educeret
687 913 717 966 et
726 907 759 966 iu
770 907 862 967 armis
875 907 1038 969 daumero

73 979 301 1066 augeretssimui
316 990 434 1051 animos
450 997 575 1050 acueret
583 997 618 1049 ‘et
630 999 762 1065 corpora
774 998 940 1051 exerceret.
958 1002 1036 1052 sun·

72 1067 219 1134 suetudine
233 1073 380 1136 leviorem
396 1069 530 1135 laborem
546 1075 628 1144 lora
652 1081 682 1133 et
697 1074 837 1135 eomiuu
851 1081 889 1134 ae
899 1075 1037 1150 benigni·

71 1150 219 1220 saratinus
234 1147 325 1218 ctam
343 1164 406 1219 noa
426 1155 625 1218 iniucundum
646 1157 713 1217 fleri
734 1165 838 1234 posse.
861 1157 951 1218 acuat
966 1159 1037 1219 lnce

71 1240 230 1317 frequenter
255 1245 326 1302 ante
347 1239 456 1302 urbem
478 1241 512 1300 in
537 1244 678 1316 eampum
700 1243 741 1302 ad
757 1239 896 1303 ”Eurotan
916 1246 1034 1302 amnem

71 1329 198 1400 coepere.
226 1320 378 1387 *satellites
398 1325 522 1406 tyranni
540 1321 572 1384 'in
592 1325 694 1385 media
714 1328 779 1386 tere
799 1326 866 1386 acie
886 1325 1030 1386 consiste·

70 1408 144 1477 bonu
160 1412 315 1488 'tyrannm
329 1420 401 1470 ¹aram
410 1407 508 1470 tribus
520 1415 671 1470 summum
682 1409 851 1485 equitibus,
866 1408 944 1469 inter
955 1423 1033 1484 quor

71 1493 235 1572 plenumque
248 1495 460 1555 uilexamenus
475 1499 553 1567 erat,
571 1499 641 1554 ante
656 1493 744 1569 signa
757 1493 950 1565 vectabatur,
967 1505 1030 1555 eur·

70 1591 120 1636 nua
133 1577 441 1654 extremayinnisenm
464 1577 495 1637 in
516 1577 625 1638 dextro
648 1586 745 1639 cornu
758 1578 860 1640 Aetoli
876 1583 981 1649 lerant,
1005 1583 1036 1639 et

70 1657 112 1734 qui
124 1659 191 1721 iente
205 1659 372 1723 auxiliares
387 1661 509 1739 tyranni
524 1657 658 1736 ineram,
680 1669 710 1722 et
725 1663 777 1738 qui
792 1669 940 1722 venerant
953 1661 1034 1722 milia

70 1747 126 1803 enm
144 1739 343 1806 A'ie‘rlameno.
365 1743 486 1806 iecerat
504 1739 565 1804 sill
585 1756 702 1806 morem
721 1749 930 1806 Alexamenus
952 1759 1033 1806 nune

69 1837 126 1910 eum
138 1834 269 1906 tyranno
290 1829 369 1890 inter
388 1837 507 1905 paucos
523 1827 648 1889 ordines
664 1830 885 1903 cicumeundi,
907 1843 1033 1889 monen-

71 1910 327 1990 iiqu‘e'eilm'quae
342 1913 372 1974 in
384 1921 449 1976 lem
464 1923 536 1974 esse
546 1911 744 1990 videbantur,
758 1923 840 1972 nunc
850 1913 881 1972 in
891 1913 1034 1973 dextrum

70 1998 150 2057 cornu
167 1999 208 2058 cd
224 1997 308 2060 ‘siros
325 1995 501 2074 equitandi,
540 2009 614 2060 mox
646 1997 718 2059 inde
758 1996 843 2056 velat
873 1994 1034 2072 imperato,

69 2078 139 2152 quod
151 2081 207 2142 'les
222 2081 443 2158 'poposcisset
470 2081 638 2156 recipiendi
658 2095 694 2140 se
712 2078 754 2140 asi
771 2083 946 2156 tyrannum.
968 2079 1033 2138 ¹stul

69 2165 145 2236 quein
160 2159 238 2226 tileln
256 2166 406 2242 patrando
420 2162 549 2226 tucinam·
564 2171 724 2236 statuerat,
744 2176 782 2224 eo
794 2164 953 2239 paulisper
964 2173 1033 2223 cum

69 2253 182 2332 tyranno
195 2249 336 2311 sectatus
352 2265 420 2311 eum
441 2249 481 2310 ad
496 2257 572 2310 situs
594 2248 818 2323 concessisset,
839 2253 902 2322 tum
924 2248 1033 2328 equiti·

69 2329 115 2390 bas
136 2334 173 2393 ab
193 2335 287 2395 domo
312 2339 418 2394 seeum
431 2331 541 2394 ¹missis
561 2332 734 2408 „agcnw
756 2333 854 2409 inquit
878 2343 954 2407 „res
972 2339 1032 2406 est,

69 2411 193 2492 iuvenes,
219 2417 441 2494 saliendaque,
466 2419 559 2492 quam
579 2423 629 2475 ine
648 2417 729 2477 duee
752 2415 882 2490 impigre
902 2417 1032 2489 exsequi

68 2496 132 2559 inssi
145 2504 228 2564 estis.
253 2507 358 2577 parate
368 2501 491 2562 'animos
505 2499 645 2572 tex'uas,
658 2498 823 2572 nequistis
835 2513 873 2557 eo
887 2497 971 2572 qnod
983 2512 1032 2557 me

68 2579 163 2644 vicerit
173 2585 334 2647 facientem
346 2591 458 2646 cesset.
481 2585 531 2660 qui
544 2588 702 2644 euncmtus
715 2581 803 2641 tuerit
814 2587 945 2641 etsuum
959 2595 1031 2640 oon·

68 2663 154 2728 silium
166 2683 236 2732 meo
252 2669 439 2746 interponet,
456 2668 539 2729 ‘seim
553 2665 612 2728 sibi
626 2667 756 2726 reditum
772 2664 812 2724 ad
826 2669 953 2740 penates
968 2677 1031 2724 non

68 2757 155 2810 esse.⁶‘
174 2751 287 2816 horror
301 2759 428 2815 cunctos
450 2751 546 2828 cespite
565 2749 599 2811 et
617 2749 817 2810 meminerant
831 2761 900 2809 cnm
920 2746 1032 2824 quibus

68 2835 203 2899 mandatis
226 2835 373 2899 eruissent.
405 2844 557 2916 tyrannus
583 2833 621 2895 ab
648 2836 736 2895 laevo
763 2847 859 2894 cornu
876 2833 1030 2894 veniebat.

69 2931 169 2988 ponere
191 2923 297 2984 hastas
323 2921 443 3000 equites
459 2923 666 2982 Alexamenus
688 2915 775 2978 iu'bct
800 2925 886 2978 etse
907 2917 1030 2979 intueris

68 2998 167 3079 colligit
183 3011 218 3068 et
237 3007 306 3084 ipse
325 3005 457 3068 animum
478 3005 640 3066 contusum
653 3005 763 3063 'tantae
778 3001 962 3078 cogitatione
975 2999 1030 3062 rei.

70 3093 218 3164 postquam
239 3089 524 3167 appropinquabat,
549 3089 696 3164 impetum
721 3087 807 3161 lauit,
832 3093 863 3146 et
881 3085 1030 3146 transfixo

68 3183 136 3244 equo
156 3179 318 3253 tyrannum
340 3175 495 3243 deteribat3
528 3173 676 3233 iacentem
695 3171 814 3246 equites
836 3169 1029 3230 confodiunta

69 3255 156 3316 multis
170 3259 282 3320 trustra
300 3260 332 3318 in
354 3257 479 3319 ioricam
500 3255 610 3318 ictibus
632 3255 711 3316 datis
731 3255 854 3315 tandem
869 3253 899 3312 in
915 3251 1030 3311 nudum

69 3347 170 3414 eorpus
184 3343 310 3403 vulnera
324 3347 544 3420 pervenerunq
568 3347 598 3400 et
617 3337 798 3416 priusquam
813 3353 832 3396 a
845 3336 947 3395 media
964 3335 1031 3394 acie

68 3432 297 3500 succurreretur,
314 3425 489 3503 exspiravit.
509 3421 645 3485 XXXVI.
666 3423 873 3483 Alexamenus
886 3433 954 3478 eum
966 3433 1030 3478 om·

68 3503 146 3569 nibus
156 3509 277 3571 natans
293 3510 383 3571 citato
399 3509 497 3586 gradu
511 3509 551 3570 ad
565 3508 681 3582 regiam
696 3505 907 3581 occupandam
922 3501 1030 3579 pergit.
