2482 3902
29 105 36 230 l

172 182 234 246 128
347 181 462 242 LIBER
475 180 608 240 XXXIV.
633 178 717 240 CAP.
732 185 758 240 i.
777 185 816 252 [a.
829 183 862 238 U.
874 200 898 236 c.
909 183 973 251 sal]

167 333 320 396 illecebris
331 332 474 407 repletas,
487 337 517 392 et
526 330 628 406 regias
641 330 731 391 etium
742 335 936 392 attrectamus
949 345 1149 405 goras—so

167 421 239 495 pius
259 417 386 488 horreo,
407 431 447 475 ne
467 414 538 474 illac
557 413 655 489 magis
676 429 728 474 res
749 430 808 475 nos
831 413 967 488 ceperint
981 429 1074 490 quam
1089 429 1149 476 nos

166 504 244 562 illas.
267 500 386 574 infesta,
406 497 479 559 mibi
493 498 622 568 credite,
644 497 735 572 signa
748 498 787 558 ab
803 495 968 576 Syracusis
982 497 1065 558 illata
1078 504 1152 560 sunt

166 583 237 646 huic
251 582 329 644 urbi.
354 582 415 644 iarn
431 581 520 642 nimis
534 581 646 642 multos
661 580 752 642 audio
769 580 902 644 corinthi
917 588 948 641 at
960 581 1151 644 Athenarum

167 672 345 728 ornamenta
358 665 511 728 laudantis
528 665 742 740 mirantisque,
764 671 794 726 el
808 665 942 726 antefixa
956 664 1061 726 fictilia
1075 664 1151 728 deo·

165 767 233 814 rum
248 752 456 813 Romanorum
477 749 614 810 ridentis.
645 763 704 822 ego
724 747 783 810 bos
797 751 877 810 malo
893 749 1045 824 propitios
1060 751 1149 824 deos,

166 836 252 896 etita
272 849 365 911 spero
384 835 518 906 tuturos,
540 833 567 893 si
582 833 612 892 in
627 833 692 892 suis
707 847 832 892 manere
845 833 973 894 sedibus
986 834 1150 910 patiemur.

166 926 288 996 patrum
303 925 479 980 nostrorum
492 917 640 978 memoria
655 932 711 992 per
726 918 858 991 legatum
873 915 997 976 cineam
1009 916 1150 997 Pyrrhus

166 1021 229 1066 non
255 1003 390 1064 virorum
414 1003 507 1066 modo
532 1000 704 1064 sedetiam
728 1000 888 1062 mulierum
907 1001 1031 1062 animos
1057 1003 1150 1064 donis

166 1088 334 1163 temptavit.
367 1087 504 1150 nondum
524 1086 575 1146 lex
597 1083 697 1161 Oppia
716 1085 757 1146 ad
772 1085 983 1146 coercendam
996 1085 1151 1148 luxuriam

166 1172 345 1234 muliebrem
359 1174 420 1234 lata
435 1178 513 1232 erat=
536 1177 636 1230 tamen
652 1171 737 1230 nulla
751 1169 879 1245 accepit.
913 1185 1004 1244 quam
1020 1185 1150 1233 causam

167 1257 264 1318 luisse
286 1257 442 1318 censetis?
462 1256 570 1316 eadem
591 1253 647 1315 iuit
668 1269 747 1328 quae
762 1253 929 1315 maioribus
945 1254 1059 1314 nostris
1075 1255 1151 1316 nihil

167 1341 207 1402 de
225 1340 285 1401 hac
298 1356 333 1400 re
348 1341 416 1414 lege
432 1337 599 1400 sanciendi.
632 1338 715 1398 nulia
730 1343 795 1398 erat
808 1337 943 1412 luxuria,
965 1353 1046 1412 quae
1060 1354 1149 1402 coer-

168 1431 297 1490 terotm.
331 1424 411 1485 siout
435 1429 505 1483 ante
528 1421 653 1482 morbos
681 1436 812 1482 necesse
838 1427 886 1482 est
912 1421 1053 1496 cognitos
1075 1438 1150 1484 esse

167 1523 259 1584 quam
282 1507 417 1568 remedia
437 1521 558 1580 eorum,
583 1505 629 1565 sic
651 1504 833 1580 cupiditates
861 1504 944 1580 prius
965 1511 1056 1566 natae
1077 1515 1151 1570 sunt

167 1607 258 1666 quarn
276 1593 377 1666 leges,
399 1605 479 1664 quae
494 1589 531 1648 iis
546 1588 671 1650 modum
685 1589 829 1648 iacerent.
867 1589 942 1664 quid
956 1589 1056 1664 legem
1070 1591 1150 1653 Lici·

166 1676 246 1734 niam
260 1674 405 1734 excitavit
419 1673 459 1732 de
474 1673 647 1749 quingentis
662 1672 819 1746 iugeribus
835 1671 894 1734 nisi
909 1673 1018 1748 ingens
1034 1674 1149 1750 cupido

166 1774 258 1832 agros
274 1757 492 1820 continuandi?
507 1757 581 1834 quid
591 1758 691 1833 legem
703 1755 836 1817 Cinciam
848 1757 887 1818 de
898 1757 989 1818 donis
1000 1763 1031 1818 et
1041 1775 1149 1821 mune·

167 1843 265 1914 ribus,
286 1842 346 1904 nisi
365 1842 438 1918 quia
457 1842 615 1918 vectigalis
636 1841 696 1902 iam
711 1847 742 1900 et
756 1841 955 1918 stipendiaria
970 1842 1060 1918 plebs
1075 1858 1151 1904 esse

166 1927 284 1988 senatui
305 1933 471 2002 coeperat?
498 1927 601 2002 itaque
621 1925 745 1986 minime
758 1925 866 1985 mirum
882 1931 930 1986 est
944 1941 1002 1986 nec
1016 1924 1152 2003 Oppiam
1233 1975 1234 2007 ,

166 2026 223 2071 nec
234 2011 324 2072 aliam
334 2012 426 2072 rrllom
437 2017 500 2072 turn
512 2012 608 2085 legem
622 2009 827 2072 desideratam
836 2025 916 2084 esse,
930 2025 1009 2084 quae
1021 2012 1152 2074 modum

167 2095 338 2170 sumptibus
365 2095 523 2158 mulierum
546 2096 676 2168 iaceret,
701 2109 771 2154 oum
796 2109 903 2154 aurum
927 2100 957 2154 et
977 2111 1151 2170 purpuram

166 2179 236 2240 data
256 2185 286 2238 et
306 2179 407 2240 oblata
427 2180 506 2240 ultro
527 2195 589 2237 non
610 2178 812 2253 accipiebant.
849 2178 875 2238 si
896 2193 976 2240 nunc
996 2193 1066 2239 curn
1087 2180 1151 2242 illis

165 2262 255 2322 donis
277 2261 385 2324 cineas
406 2262 512 2322 urbem
534 2263 720 2336 cucumiret,
742 2263 849 2324 stantis
869 2263 898 2321 in
920 2261 1043 2337 publico
1059 2264 1150 2323 inve-

165 2347 262 2408 nisset
277 2362 358 2422 quae
372 2345 556 2422 acciperent.
584 2353 677 2423 atque
692 2361 750 2421 ego
766 2346 979 2407 nonnullarum
994 2347 1150 2423 cupidita·
1228 2349 1229 2377 ¹

165 2431 238 2494 tium
252 2446 292 2492 ne
307 2447 433 2492 causam
448 2430 572 2506 quidem
586 2439 638 2493 aut
652 2431 800 2492 rationem
815 2431 892 2492 inire
906 2446 1044 2507 possum.
1074 2448 1150 2494 nam

165 2524 211 2590 ut,
235 2515 320 2592 quod
340 2515 390 2577 alii
404 2515 507 2586 liceat,
529 2515 583 2576 tibi
598 2532 659 2576 non
673 2516 766 2576 licere
781 2515 897 2593 aliquid
911 2516 1043 2578 fortasse
1058 2522 1150 2577 natu·

164 2601 235 2661 ralis
260 2606 313 2662 aut
332 2601 461 2677 pudoris
484 2607 535 2660 aut
556 2599 773 2674 indignationis
794 2600 919 2674 habeat,
944 2599 991 2661 sic
1011 2607 1148 2676 aequato

163 2685 298 2746 omnium
313 2687 396 2746 cultu
411 2683 486 2760 quid
501 2699 708 2760 unaquaeque
721 2691 857 2744 vestrum
872 2691 995 2746 veretur
1009 2699 1048 2744 ne
1063 2685 1094 2744 in
1109 2700 1149 2744 se

163 2765 392 2842 conspiciaturt
412 2768 567 2842 pessimus
589 2766 713 2842 quidem
734 2767 837 2842 pudor
857 2776 905 2830 est
925 2770 974 2829 vel
994 2768 1147 2845 parsimo-

163 2851 232 2910 niae
246 2851 295 2910 vel
310 2850 514 2925 paupertatis:
538 2850 595 2910 sed
609 2855 772 2926 utrumque
787 2851 837 2912 lex
851 2853 941 2914 vobis
957 2852 1058 2926 demit,
1075 2868 1147 2914 cum

164 2933 195 2993 id
218 2933 302 3009 quod
322 2933 436 2993 habere
453 2949 515 2994 non
531 2934 601 2994 licet
614 2949 676 2993 non
691 2933 822 2996 habetis.
854 2935 1026 3011 „„banc“1“
1046 2937 1148 3013 inquit

162 3061 181 3091 „
190 3017 310 3092 „ipsam
329 3017 583 3093 exaequationem
602 3033 664 3079 non
684 3019 750 3080 fero
765 3019 818 3080 illa
831 3021 982 3096 locuples.
1012 3038 1068 3083 cur
1081 3039 1146 3083 non

163 3101 292 3176 insignis
307 3117 382 3162 auro
398 3109 429 3162 et
443 3117 580 3177 purpura
594 3102 792 3178 conspicior?
819 3119 874 3165 cur
888 3113 1055 3182 paupertas
1070 3103 1145 3168 alia-

162 3202 229 3248 rum
244 3186 302 3247 sub
322 3186 382 3246 hac
395 3186 472 3262 legis
487 3185 592 3261 specie
608 3188 694 3261 latet,
716 3193 750 3248 ut
765 3189 850 3264 quod
863 3189 978 3250 babere
992 3205 1055 3252 non
1069 3205 1146 3266 pos-

164 3275 243 3344 sunt,
258 3269 426 3344 habiturae,
441 3270 469 3330 si
483 3269 596 3344 liceret,
613 3272 710 3332 fuisse
724 3271 888 3336 videantur
894 3277 928 3332 l“
936 3277 954 3307 “
976 3274 1068 3336 vultis
1083 3274 1145 3335 hoc

163 3359 316 3414 certamen
330 3354 479 3416 uxoribus
493 3355 605 3414 vestris
620 3355 749 3427 inicere,
773 3356 919 3432 Quirites,
939 3363 973 3420 ut
988 3357 1098 3419 divites
1113 3357 1148 3418 id

162 3433 276 3496 babere
290 3438 384 3498 velint
399 3437 483 3514 quod
499 3439 581 3499 nulla
596 3439 655 3500 alia
669 3440 784 3514 possin
807 3456 962 3518 pauperes
977 3457 1017 3502 ne
1032 3443 1072 3504 ob
1083 3441 1147 3502 hoc

1057 3709 1077 3835 l
