2480 3904
173 188 235 252 276
308 187 423 249 LIBER
438 187 584 247 xxxvu.
607 186 689 246 cnl’.
706 193 806 250 17.18.
829 192 866 258 [ι.
879 191 915 243 tt
926 208 950 243 c.
961 189 1025 257 561]

172 344 287 414 gerent.
323 336 435 398 Rhodii
454 336 527 398 moti
548 335 707 410 precibus,
735 335 871 396 Eumene
891 337 982 396 etiam
1001 349 1074 410 rege
1093 334 1139 394 ad-

173 428 304 498 sumpto,
318 420 408 480 simul
422 435 496 482 suas
511 418 753 480 necessitudines
768 419 1045 493 commemorando,
1061 417 1139 477 simul

173 507 324 566 obsessae
344 503 430 578 regio
451 503 606 578 pracsidio
627 502 712 564 urbis
733 518 839 564 casum
859 503 1034 563 miserando
1050 502 1140 576 perri·

173 597 286 662 cerunt,
301 596 334 648 ut
348 587 577 662 oppugnatione
593 585 805 648 abstineretur.
827 586 958 660 proiecti
971 585 1044 645 inde
1060 601 1140 660 paca·

173 673 211 733 tis
232 671 341 732 ceteris
364 687 432 730 curn
453 686 539 732 oram
552 671 648 730 Asiae
667 671 818 745 legerent,
836 669 973 748 Loryma
984 701 1030 712 -
1045 674 1141 744 portus

173 757 322 818 adversus
342 753 483 814 Rhodum
508 761 612 816 cst—
625 761 838 828 pervenerunt
874 753 916 814 ibi
935 753 966 812 in
992 751 1143 828 principiis

172 856 273 902 sermo
285 839 382 914 primo
395 836 472 899 inter
482 837 620 900 tribunos
631 837 757 898 militum
768 845 906 898 secretus
919 837 1024 910 oritur,
1041 834 1144 895 deinde

173 924 211 986 ad
226 937 317 984 aures
329 922 427 996 ipsius
438 921 558 982 Aemilii
570 921 717 996 pervenit,
733 922 844 982 abduci
855 923 988 982 classem
997 919 1041 978 ab
1051 917 1144 994 Ephe·

172 1022 225 1079 so,
247 1006 285 1065 ab
307 1021 365 1066 suo
384 1005 482 1078 bello,
503 1014 538 1066 ut
551 1005 590 1064 ab
610 1011 695 1080 tergo
717 1005 794 1064 liber
808 1005 931 1064 relictus
947 1003 1049 1064 hostis
1065 1003 1093 1061 in
1108 1008 1146 1060 tot

172 1089 362 1166 propinquas
383 1089 537 1150 sociorum
551 1088 645 1148 urbes
660 1088 761 1149 omnia
774 1088 899 1162 impune
913 1087 1020 1148 conari
1036 1091 1145 1161 posset.

171 1189 296 1235 movere
318 1189 355 1234 ea
368 1173 545 1242 Aemilium;
568 1177 760 1248 vocatosque
772 1170 913 1232 Rhodios
935 1185 1006 1230 cum
1020 1183 1144 1246 percun-

172 1264 270 1318 ctatus
293 1265 392 1330 esset,
414 1263 585 1316 utrumnam
596 1253 712 1316 Pataris
728 1255 874 1316 universa
888 1254 1001 1314 classis
1016 1255 1049 1314 in
1064 1260 1147 1328 portu

172 1347 254 1401 stare
265 1349 382 1416 posset,
391 1357 459 1400 cum
470 1339 707 1414 respondissent
717 1355 779 1399 non
790 1353 897 1414 posse,
906 1353 1034 1398 causam
1046 1344 1146 1396 nactus

173 1424 355 1485 omittendae
368 1422 414 1482 rei
429 1421 553 1483 Samum
566 1422 689 1483 reduxit
703 1437 808 1484 naves.

255 1505 361 1566 xvlll.
392 1505 451 1566 Per
475 1507 556 1564 idem
581 1512 702 1580 tempus
723 1504 872 1568 Seleucus
893 1506 1042 1568 Antiochi
1065 1503 1145 1574 filius,

172 1605 240 1649 cum
263 1604 318 1664 per
337 1603 427 1649 omne
440 1587 637 1648 hibernorum
657 1596 779 1664 tempus
794 1591 961 1650 exercitum
977 1592 1008 1650 in
1025 1587 1148 1648 Aeolide

172 1672 374 1732 continuisset
387 1672 497 1745 partim
512 1671 605 1732 sociis
620 1671 747 1734 terendo
764 1689 870 1749 opem,
883 1674 1010 1749 partim,
1029 1686 1109 1748 quos
1123 1671 1147 1728 in

171 1756 348 1816 societatem
363 1755 512 1829 perlicere
526 1770 588 1815 non
604 1762 739 1830 poterat,
761 1755 1005 1834 depopulandis,
1024 1753 1148 1817 transire

171 1839 200 1898 in
217 1839 294 1898 lines
314 1838 400 1913 regni
412 1838 572 1913 Eumenis,
595 1838 708 1900 dumis
723 1843 832 1914 procul
846 1841 885 1901 ab
899 1841 992 1902 domo
1007 1855 1082 1900 cum
1094 1839 1148 1898 lto-

170 1923 269 1982 manis
284 1928 315 1984 et
328 1921 456 1982 Rhodiis
467 1923 581 2000 Lyciae
596 1925 744 2002 maritima
759 1932 961 2000 oppugnaret,
977 1923 1094 1984 statuit,
1114 1920 1148 1979 ad

171 2005 295 2066 lllacam
310 2006 408 2082 primo
426 2006 544 2066 infestis
560 2005 656 2080 signis
672 2007 819 2076 accessit;
842 2007 956 2068 deinde
970 2007 1090 2068 omissa
1101 2021 1147 2078 op·

172 2090 357 2163 pugnatione
381 2090 466 2148 urbis
488 2104 580 2162 agros
601 2089 751 2150 hostiliter
772 2092 978 2166 depopulatus
998 2091 1043 2151 ad
1065 2093 1149 2164 caput

172 2187 336 2246 arcemque
355 2173 440 2246 regni
454 2172 635 2246 Pergamum
655 2173 739 2234 ducit
760 2175 1011 2250 oppugnandam.
1035 2173 1148 2234 Attalus

171 2255 269 2328 primo
295 2253 476 2314 stationibus
502 2261 572 2314 ante
597 2255 703 2316 urbem
728 2253 840 2332 positis
864 2265 895 2318 et
915 2255 1148 2318 excursionibus

171 2337 306 2410 equitum
321 2335 460 2412 levisque
469 2344 643 2398 armaturae
656 2341 755 2415 magis
771 2341 946 2403 lacessebat
957 2357 1053 2416 quam
1065 2337 1147 2400 susti·

171 2420 263 2480 nebat
283 2421 418 2482 hostem:
440 2426 596 2496 postremo
612 2437 682 2482 cum
696 2439 752 2498 per
767 2425 847 2484 levia
862 2425 1029 2485 certamina
1041 2437 1148 2499 exper-

170 2513 219 2566 tus
242 2508 325 2568 nulla
345 2512 433 2581 parte
451 2505 560 2568 virium
572 2521 607 2566 se
620 2523 728 2582 parem
742 2523 814 2568 csse
828 2509 906 2569 intra
920 2509 1045 2568 moenia
1059 2523 1094 2568 se
1107 2521 1148 2565 re·

172 2589 315 2666 cepisset,
332 2590 467 2660 obsideri
481 2590 555 2651 urbs
571 2598 681 2666 coepto
694 2599 751 2652 est.
780 2592 890 2653 codem
903 2598 1045 2668 tempore
1061 2593 1149 2652 lermc

171 2679 201 2731 et
224 2674 396 2735 Antiochus
424 2674 462 2733 ab
487 2675 626 2748 Apamea
656 2675 810 2750 proiectus
837 2673 985 2736 Sardibus
1014 2676 1148 2750 primurn,

172 2755 284 2816 deinde
304 2757 385 2817 haud
407 2759 515 2832 procul
531 2757 652 2819 Seleuci
673 2760 780 2818 castris
795 2760 835 2818 ad
850 2767 944 2833 caput
958 2758 1042 2819 Caici
1057 2755 1147 2819 amnis

172 2839 283 2898 stativa
303 2839 407 2899 habuit
427 2855 495 2899 cum
515 2855 626 2915 magno
648 2843 785 2903 exercitu
804 2843 900 2903 mixto
915 2843 1010 2903 variis
1026 2858 1067 2902 ex
1082 2856 1148 2916 gen·

172 2920 264 2982 tibus.
295 2922 456 2997 plurimum
477 2924 602 2984 terroris
617 2925 647 2984 in
663 2925 817 2986 Gallorum
831 2927 975 2987 mercede
991 2921 1147 2987 conductis

173 3012 314 3079 quattuor
328 3006 449 3066 milibus
464 3013 537 3067 erat.
566 3007 623 3068 hos
639 3009 747 3084 paucis
762 3010 905 3070 admixtis
919 3009 959 3069 ad
974 3015 1147 3085 pervastan-

172 3088 244 3146 dum
256 3090 372 3163 passim
379 3089 596 3165 Pergamenum
608 3108 716 3168 agrum·
724 3093 856 3166 [milites]
869 3093 959 3152 misit.
974 3108 1056 3168 quae
1068 3097 1147 3168 past·

174 3187 264 3245 quarn
287 3171 412 3234 Samum
436 3183 508 3235 sunt
533 3177 682 3248 nuntiata,
710 3176 808 3251 primo
828 3176 983 3238 Eumenes
1005 3183 1147 3237 avocatus

173 3253 342 3318 domestico
356 3257 436 3318 bello
452 3275 520 3320 cum
536 3261 636 3320 classe
645 3259 769 3320 Elaeam
784 3260 874 3334 petit;
896 3261 968 3320 inde
984 3275 1053 3322 cum
1065 3272 1148 3334 prae·

173 3342 221 3394 sto
237 3339 367 3402 luissent
379 3343 497 3418 equites
509 3343 707 3418 peditumque
719 3343 863 3419 expediti,
879 3343 1035 3418 praesidio
1048 3355 1148 3404 conum

174 3422 265 3489 tutus,
282 3425 459 3498 priusquam
474 3427 580 3487 hostes
595 3427 742 3487 sentirent
755 3435 809 3488 aut
822 3434 1027 3500 moverentur,
1042 3427 1146 3498 Perga·
