2506 3898
254 225 370 285 trena
383 223 546 288 xrtxvtu.
569 224 652 286 ona.
668 232 767 292 onos
789 226 826 304 [a.
839 233 870 288 c.
884 231 947 308 req
1027 227 1090 292 ase

102 386 169 452 est,
195 377 227 437 id
252 376 454 454 conquirenti
479 377 687 452 cognoscendi
708 377 931 454 repetendique
950 380 1021 443 item
1041 351 1112 442 ius·

101 469 184 522 esto.
213 461 241 522 si
257 479 335 536 quas
349 461 458 535 urbes,
475 477 554 536 quas
568 461 647 524 tradi
660 469 797 536 oportet,
813 462 844 526 hi
858 469 962 536 teuent
975 463 1088 539 quibus

102 545 278 606 Antiochus
293 545 388 619 dedit,
404 544 543 606 eternis
555 545 875 620 praesidiededacito,
889 547 1090 621 utiquerecte
1188 563 1189 566 ¹
1249 555 1250 558 ’

101 629 267 691 tradantur
286 636 402 690 curato.
429 628 549 702 ,argenti
569 627 659 707 probi
679 629 792 692 talenta
803 629 907 692 Airita
926 630 1090 694 duodemm

100 712 188 772 milis
199 713 270 772 dato
284 713 362 778 intra
373 713 536 774 duodecim
548 728 645 776 annos
658 712 859 786 pensionibus
871 713 980 788 nequis
990 719 1089 774 „ta-

102 796 223 856 lentum
240 811 280 855 ne
300 795 401 856 minus
430 796 535 870 pondo
557 795 712 869 octoginta
731 796 877 860 Romanis
898 793 1089 870 ponderibus

103 879 288 954 pendat-s,
305 886 335 938 et
347 879 435 940 tritici
451 879 617 956 quingente
632 879 835 954 quadraginta
847 880 930 946 milia
944 881 1090 945 modium.

100 962 235 1022 Eumeni
246 964 312 1036 regi
321 964 436 1024 talenta
445 968 584 1025 trecenta
597 963 817 1038 quinquaginta
828 963 906 1025 intra
918 964 1089 1040 quinquan-

102 1047 187 1114 ninm
200 1046 290 1116 datos
305 1052 336 1106 et
347 1062 403 1121 pro
413 1046 574 1119 irmaento,
587 1045 671 1122 quod
682 1045 893 1108 aestimatione
904 1047 965 1119 fiat,
977 1049 1091 1112 talenta

103 1135 229 1189 eentum
244 1129 350 1204 viginti
365 1135 493 1204 septem.
529 1129 655 1192 obsides
669 1129 815 1194 Romanis
830 1129 936 1204 viginti
951 1131 1037 1203 dato,
1059 1138 1091 1191 et

101 1211 236 1273 triennio
263 1219 393 1286 mutam,
419 1227 460 1272 ne
479 1213 613 1274 ntinores
635 1219 778 1278 ottonum
799 1213 911 1277 denum
932 1229 1090 1288 annorum,

102 1296 167 1356 nen
178 1297 310 1356 maiores
321 1295 447 1372 quinum
458 1297 698 1372 quadragenum.
713 1296 804 1372 siqui
816 1297 971 1360 sociorum
982 1297 1089 1372 populi

102 1379 236 1440 Romani
255 1381 335 1442 ultro
356 1380 470 1460 bellum
489 1381 620 1449 inferent
639 1379 807 1454 Antiocho,
832 1380 894 1440 vim
912 1381 942 1442 vi
964 1381 1089 1440 arcendi

102 1463 155 1523 ius
168 1471 253 1538 ¹restro,
270 1464 343 1526 dnm
356 1479 396 1526 ne
411 1479 504 1540 quom
518 1465 625 1527 urbem
639 1471 694 1528 aut
706 1463 778 1524 belli
793 1465 860 1526 iure
873 1469 975 1524 teneat
989 1462 1088 1526 autin

101 1546 267 1606 amicitiam
288 1547 427 1624 occipiat.
457 1547 684 1612 controversias
699 1548 778 1610 inter
792 1563 828 1610 se
841 1547 908 1608 iure
921 1563 959 1609 ao
974 1546 1088 1610 iudicio

101 1630 288 1704 disceptent,
304 1637 358 1691 eut
370 1631 398 1690 si
413 1630 553 1706 utrisque
567 1631 709 1706 placebit,
724 1631 837 1694 bollo.“
866 1631 905 1695 de
918 1631 1088 1692 Hannibale

99 1713 209 1774 Poeno
224 1720 254 1773 et
263 1715 375 1774 Aetolo
386 1715 524 1776 Thoante
539 1721 570 1774 et
578 1713 769 1777 Mnasilocho
781 1716 944 1776 Acarnane
958 1720 989 1774 et
1001 1713 1087 1774 Chal-

102 1796 285 1860 cidensibus
297 1795 449 1856 Eubulida
470 1796 639 1857 etPhilone
659 1795 809 1859 dedendis
830 1797 861 1856 in
881 1797 941 1858 hoo
961 1813 1088 1872 quoque

102 1879 232 1938 loedere
253 1879 441 1952 adscriptum
460 1884 526 1948 ests
552 1885 583 1940 ct
603 1883 635 1942 ut
654 1878 771 1952 siquid
792 1885 902 1952 posteo
918 1878 992 1938 addi
1006 1879 1088 1940 demi

43 2001 45 2006 -
101 1961 437 2036 mutariveplacuisset
445 1969 479 2024 ut
489 1963 615 2026 idselvo
626 1962 752 2024 loedere
763 1961 860 2025 tieret.
874 1960 1005 2022 XXXIX.
1014 1977 1086 2022 oon-

102 2047 153 2106 sul
173 2045 285 2104 iuravit
303 2045 334 2104 in
353 2045 416 2106 hoe
435 2045 561 2110 landast
590 2045 628 2109 ab
648 2059 723 2119 rege
744 2044 797 2120 qui
815 2045 973 2118 exigerent
992 2043 1086 2104 iusiu-

100 2127 244 2200 randum,
259 2129 390 2204 proiecti
404 2128 438 2202 t).
452 2127 606 2194 Minucius
620 2127 768 2191 Thermus
782 2135 816 2190 et
826 2128 859 2186 L.
875 2126 1016 2199 Manliae,
1034 2125 1087 2200 qui

101 2221 167 2274 orm
182 2213 259 2272 lorte
279 2213 318 2272 ab
341 2211 492 2275 Oroandis
512 2211 611 2274 rediit.
643 2220 674 2272 et
695 2211 728 2284 Q.
744 2211 838 2273 Fabio
857 2209 1014 2283 Labeoni,¹
1033 2211 1086 2285 qui

102 2295 198 2357 classi
218 2302 375 2370 praeerat,
399 2295 537 2370 scripsit,
558 2302 591 2354 ut
604 2295 711 2356 Patara
732 2295 884 2368 externplo
907 2293 1085 2370 proficisce-

101 2387 196 2455 retur,
213 2393 356 2454 quaequs
368 2379 410 2440 tei
423 2393 519 2440 naves
532 2377 637 2452 regiae
650 2383 764 2449 essem
779 2377 955 2440 concideret
969 2391 1083 2436 orema-

102 2471 220 2540 retqne.
252 2464 410 2536 proiectus
431 2461 470 2524 ab
483 2460 610 2535 Epheso
631 2459 852 2534 quinquaginta
870 2465 966 2519 motas
988 2475 1084 2522 naves

103 2555 157 2608 aut
170 2545 305 2607 concidit
320 2553 374 2606 aut
385 2543 529 2612 incendit.
561 2544 751 2608 Telmessum
765 2543 873 2604 eadem
886 2541 1085 2616 expeditione

101 2629 215 2690 territis
231 2629 332 2690 subito
347 2629 482 2690 adventu
496 2627 605 2688 otessis
621 2625 785 2701 oppidanis
796 2623 914 2700 recipit.
938 2640 977 2684 ex
987 2624 1085 2703 Lycia

102 2713 245 2790 protinus
259 2711 354 2773 iussis
369 2712 408 2772 ab
422 2711 547 2786 Epheso
561 2709 669 2785 sequi,
686 2709 739 2784 qui
752 2707 794 2770 ibi
806 2709 902 2772 relicti
917 2715 1012 2779 erant,
1029 2722 1085 2782 per

101 2797 222 2866 insulas
232 2794 264 2856 in
275 2796 435 2858 ¹Graeciam
446 2794 571 2856 traiecit.
587 2793 716 2858 Athonis
726 2808 844 2868 paucos
857 2796 993 2852 moratus
1005 2791 1082 2863 dies,

102 2879 346 2952 dumPiraeeum
361 2879 399 2940 ab
409 2878 535 2953 Epheso
547 2891 643 2940 navos
656 2877 800 2952 vestirent
816 2881 909 2940 totam
920 2873 992 2936 inde
1004 2877 1083 2936 olas-

103 2981 170 3027 sem
186 2963 218 3024 in
231 2964 347 3024 Italiam
361 2962 492 3027 reduxit·
1134 2961 1140 2967 ’

188 3048 241 3108 cn.
253 3046 384 3109 Manlius
400 3063 469 3110 oum
483 3046 676 3110 intercalare
686 3060 766 3122 quoe
778 3043 958 3120 accipienda
969 3042 1008 3104 ab
1019 3043 1082 3100 An-

100 3131 205 3193 tiocho
221 3137 323 3206 erent,
338 3129 518 3206 elephantos
535 3145 660 3205 quoque
675 3129 849 3204 accepisset
863 3128 1008 3200 donoque
1022 3123 1083 3184 Eu-

101 3215 183 3276 meni
197 3215 298 3276 omnis
312 3215 457 3288 dedisset,
473 3229 568 3278 omma
582 3213 694 3276 deinde
709 3211 871 3273 civitatium
887 3209 990 3270 multis
1005 3207 1083 3268 inter

101 3313 201 3360 novas
215 3313 268 3360 res
282 3297 410 3362 turbatis
425 3298 576 3373 semovit
599 3304 630 3360 et
640 3295 818 3356 Ariaramas
829 3309 884 3354 rex
897 3301 983 3368 perta
995 3291 1081 3350 dimi-

101 3382 154 3442 dia
174 3383 324 3457 pecuniae
345 3382 512 3458 imperatae
525 3379 677 3442 beneflcio
691 3377 852 3450 Eumenis,
875 3375 923 3436 cui
946 3375 1081 3448 despon-
1249 3431 1250 3436 ,

101 3465 190 3526 derat
200 3481 256 3540 per
266 3481 321 3528 eos
333 3465 400 3526 dies
412 3465 513 3540 illium,
521 3465 652 3526 remissa
662 3461 1082 3534 inamieitiamestacoeptus.
1164 3529 1166 3534 ,
1249 3519 1250 3522 ,

143 3567 169 3608 r.
184 3565 246 3609 u1v1
261 3565 337 3610 rans
351 3550 404 3609 lv.
840 3550 874 3605 23
