2482 3902
194 234 256 302 166
332 237 448 299 LIBER
461 234 595 296 XXXIV.
618 229 701 294 CAP.
716 241 760 295 50.
775 242 820 294 51.
843 237 880 305 [e.
897 235 931 289 U.
947 253 971 290 a.
985 235 1052 303 558]

194 409 285 458 suurn
307 393 385 452 bene
407 389 541 467 positum
561 387 663 449 sciret.
694 387 728 446 L.
756 385 813 447 has
834 388 918 448 velut
931 385 1068 462 parentis
1086 403 1179 448 voces
1215 453 1217 456 ,

196 494 262 540 curn
279 475 432 546 audirent,
454 487 579 534 menam
594 471 737 532 omnibus
752 469 866 546 gaudio
880 470 1035 546 lacrimae,
1051 471 1134 532 adeo
1149 481 1179 532 ut
1208 522 1213 531 ,

191 563 295 638 ipsum
309 573 435 634 quoque
450 556 673 618 contunderent
684 553 845 616 dicentem.
868 554 1029 629 paulisper
1041 555 1177 616 fremitus

192 642 428 720 approbantium
444 641 526 701 diota
541 639 611 711 luit,
627 639 877 714 monentiumque
891 637 1021 700 aliorum
1037 636 1167 713 alios,u

192 745 246 789 eas
261 740 357 788 voces
371 727 455 786 velut
470 725 595 786 oraculo
610 723 723 784 missas
740 722 771 782 in
786 729 914 796 pectora
928 721 1113 798 anhnosque
1126 723 1160 782 d·-

171 851 174 858 ·
192 811 352 874 mitterent.
387 808 508 870 silentio
523 807 634 868 deinde
649 808 730 868 lacto
746 806 833 882 petiit
846 805 885 866 ab
900 806 954 878 iis,
976 811 1011 867 ut
1025 806 1104 868 civis
1117 808 1174 868 Ro·

191 911 316 968 manas,
338 893 365 953 si
387 893 440 968 qui
461 892 545 969 apud
565 906 621 952 eos
635 891 666 950 in
680 891 827 953 servitute
840 897 960 961 essent,
983 891 1173 966 conquisitos

191 980 270 1039 intra
284 977 363 1038 duos
379 991 502 1038 menses
517 975 669 1036 mitterent
682 974 723 1035 ad
737 989 773 1036 se
786 974 817 1034 in
827 973 1034 1036 Thessaliame
1049 989 1090 1035 ne
1100 976 1174 1051 ipsis

192 1062 317 1138 quidem
337 1060 501 1122 honestum
521 1075 593 1122 esse
613 1059 644 1118 in
664 1058 793 1120 liberata
812 1064 894 1118 terra
914 1059 1096 1120 liberatores
1109 1061 1175 1120 eius

191 1145 319 1208 servire.
350 1160 457 1206 ornnes
472 1146 681 1205 acclamarunt
694 1143 809 1218 gratim
824 1157 860 1202 se
874 1143 953 1203 inter
968 1149 1073 1204 cetera
1087 1143 1175 1204 etiam

191 1232 232 1292 ob
246 1229 307 1290 boe
321 1244 427 1305 egere,
444 1228 530 1304 quod
544 1227 689 1289 admoniti
704 1232 824 1300 essent,
840 1233 873 1288 ut
887 1233 947 1286 tarn
963 1227 1032 1302 pio,
1047 1233 1110 1288 tam
1125 1242 1175 1288 ne
1209 1262 1216 1311 q

192 1313 330 1375 cessario
352 1313 455 1375 allicio
478 1313 686 1388 hingeranlur.
720 1311 830 1386 ingens
851 1325 999 1372 numerus
1015 1310 1175 1372 eratbello
1213 1314 1217 1357 ἱ

190 1398 306 1459 Punico
322 1403 496 1474 captorum,
518 1413 598 1472 quos
612 1395 779 1470 Hannibal,
798 1409 868 1455 cum
883 1395 923 1455 ab
938 1395 1003 1456 suis
1019 1411 1082 1457 non
1096 1395 1175 1455 redi·
1213 1374 1217 1461 Ε

191 1489 360 1555 merentur,
380 1481 645 1542 venundederat.
676 1477 877 1540 multitudinis
893 1493 1001 1540 eorum
1015 1493 1176 1554 mumon-
1213 1474 1218 1541 2

190 1573 255 1628 turn
275 1566 328 1640 sit,
352 1565 436 1641 quod
449 1565 596 1644 Polybius
617 1563 723 1626 scribit
743 1569 865 1624 centum
886 1563 1009 1624 talentis
1030 1578 1099 1624 aanr
1112 1579 1174 1627 rem
1217 1592 1224 1671 ἱ

189 1649 324 1709 Achaeis
340 1651 479 1723 stetisse,
501 1665 571 1710 cum
585 1648 757 1725 quingenos
772 1647 918 1710 denarios
933 1647 1066 1723 pretium
1080 1647 1111 1707 in
1127 1663 1175 1708 ca-
1220 1678 1227 1733 ¹.

190 1733 270 1807 pita,
293 1733 378 1807 quod
397 1732 578 1794 redderetur
598 1731 746 1806 dominis,
767 1732 957 1793 statuissent
992 1732 1075 1792 mille
1096 1731 1176 1792 enim
1224 1746 1228 1761 ¹

190 1816 342 1877 ducentos
360 1831 397 1878 ea
412 1816 531 1878 rationo
545 1816 664 1877 Achaia
680 1815 794 1878 habuit.
829 1815 918 1877 adice
932 1830 1015 1876 nunc
1032 1831 1090 1890 pro
1106 1831 1173 1892 por·
1227 1878 1232 1903 ἃ

189 1900 275 1962 tione
290 1907 365 1976 quot
376 1899 540 1962 verisimile
556 1901 596 1962 sit
612 1899 770 1961 Graeciam
783 1907 878 1985 totam
892 1899 1052 1961 habuisse.
1227 1914 1233 1979 q

274 1983 418 2046 Nondum
443 1991 614 2045 conventus
639 1983 786 2044 dimissus
812 1989 892 2059 erat,
917 1999 987 2044 oum
1007 1983 1173 2060 respiciunt
1229 2012 1235 2061 t

190 2067 380 2144 praesidium
394 2067 433 2127 ab
445 2066 671 2128 Acrocorintho
687 2065 883 2128 descendens
899 2067 1041 2143 protinus
1054 2067 1128 2128 duci
1138 2067 1178 2128 ad
1229 2064 1235 2085 ⁴

190 2158 311 2226 portam
336 2157 430 2226 atque
454 2149 549 2209 abiro.
581 2166 711 2224 qnorum
732 2165 841 2226 agmen
863 2151 1031 2228 imperator
1050 2159 1177 2212 secutus

190 2233 453 2309 prosequentibus
465 2233 592 2308 cunctis,
607 2241 798 2294 servatorem
808 2235 1067 2312 liberatoremque
1077 2237 1177 2297 eccla·
1236 2279 1238 2316 ,

190 2317 351 2390 mantibus,
368 2315 507 2378 salutatis
519 2316 720 2394 dimissisque
732 2317 781 2393 iis,
797 2320 904 2380 eadem
917 2335 979 2398 qua
989 2327 1120 2382 venerat
1130 2320 1179 2380 via
1236 2323 1238 2378 ἴ

189 2400 318 2462 Elatiam
337 2401 436 2462 rediit.
468 2401 541 2462 inde
561 2418 632 2464 cum
653 2401 794 2463 omnibus
817 2404 916 2478 copiis
932 2405 993 2478 Ap.
1017 2403 1178 2464 Claudium

189 2487 324 2561 legatum
350 2485 478 2547 dimittit.
511 2501 568 2562 per
586 2487 775 2548 Thessaliam
799 2494 892 2563 atque
911 2487 1039 2564 Epirum
1061 2485 1178 2548 ducere

191 2567 314 2631 Oricum
324 2569 415 2645 iubet,
431 2577 524 2646 atque
535 2570 576 2632 ibi
586 2587 622 2634 se
634 2569 783 2647 opperiri=
799 2570 872 2632 indo
883 2586 1018 2647 namque
1028 2569 1061 2632 in
1073 2571 1176 2631 animo

190 2669 263 2714 esse
283 2655 451 2716 exereitum
470 2655 501 2724 in
520 2654 636 2716 ltaliam
655 2655 792 2716 traicere.
824 2661 856 2716 et
867 2654 901 2716 L.
918 2655 1058 2730 Quinctio
1080 2655 1176 2729 fratri,

188 2737 291 2811 legato
306 2745 338 2799 et
351 2739 509 2813 praelecto
526 2739 652 2813 classis,
673 2739 792 2813 scribit,
813 2746 848 2800 ut
862 2740 1021 2800 onerarias
1036 2755 1078 2799 ex
1093 2739 1178 2800 omni

190 2819 337 2881 Graeciae
352 2837 407 2880 ora
420 2821 530 2881 eodem
542 2823 744 2882 contraheret.
765 2823 812 2883 Li.
835 2821 904 2898 ipse
917 2822 1093 2885 Chalcidem
1105 2841 1178 2900 pro·

189 2901 297 2976 iectus,
319 2902 536 2964 deductisnon
551 2921 570 2966 a
585 2905 728 2966 chalcide
742 2908 843 2968 solum
857 2906 916 2969 sed
930 2909 1022 2968 edun
1036 2907 1077 2968 ab
1092 2906 1175 2970 Orco

188 2993 282 3060 atque
295 2986 414 3048 Eretria
427 2987 606 3064 praesidiis,
623 2996 808 3052 conventum
821 2991 864 3052 ibi
877 2989 1087 3053 Euboicarum
1103 2994 1177 3055 civi·

188 3071 293 3132 tatium
303 3071 417 3148 habuit,
431 3072 666 3150 admonitusque
677 3075 707 3134 in
719 3091 780 3150 quo
793 3082 874 3136 statu
884 3091 986 3137 rerum
998 3077 1178 3153 accepisset

188 3169 245 3216 eos
260 3163 291 3217 et
304 3157 334 3216 in
351 3173 413 3232 quo
427 3157 614 3233 relinqueret
627 3157 748 3219 dimisit
771 3159 998 3221 Demetriadem
1012 3159 1088 3222 indo
1102 3177 1175 3237 pro-

187 3237 351 3310 ticiscitur;
373 3240 569 3317 deductoque
588 3242 743 3320 praesidio
764 3243 1027 3320 prosequentibus
1043 3246 1175 3320 cuncus,

188 3319 269 3384 sieut
284 3323 417 3386 Corinthi
437 3332 466 3386 et
485 3324 642 3400 Chalcide,
665 3327 763 3403 pergit
782 3327 828 3388 ire
847 3328 879 3388 ia
892 3327 1100 3404 Thessaliam,
1122 3329 1175 3390 ubi

189 3419 251 3498 non
271 3407 448 3470 liberandae
468 3408 560 3469 modo
576 3410 713 3471 civitates
730 3417 828 3486 erant,
851 3411 909 3472 sed
923 3427 963 3471 ex
977 3412 1061 3474 omni
1077 3414 1175 3474 collu-

188 3497 280 3563 vione
300 3497 330 3551 et
345 3492 525 3553 confusione
545 3491 576 3552 in
590 3493 724 3569 aliquam
740 3493 931 3556 tolerabilem
945 3497 1078 3558 sormam
1091 3496 1172 3559 redi
