2480 3904
205 203 268 267 210
327 205 442 266 LIBER
456 203 576 264 XXXV.
600 202 682 262 CAP.
697 209 741 264 38.
752 209 796 265 39.
807 210 851 264 40.
866 209 902 276 [a.
916 209 950 262 U.
963 226 985 261 c.
996 209 1059 276 560]

207 366 240 418 ut
256 358 308 433 qui
323 371 411 432 spem
426 369 546 418 omnem
560 355 591 414 in
606 371 644 415 eo
658 363 692 416 ut
711 353 880 430 improviso
902 356 1107 430 opprimerent
1118 357 1168 418 ha·

206 443 359 510 buissent,
376 439 415 499 ad
427 440 539 499 iustum
549 439 661 499 bellurn
673 438 995 514 oppugnationemque
1006 439 1091 500 urbis
1105 441 1169 500 mari

206 541 242 585 ae
266 532 346 585 terra
370 523 504 582 munitae
528 522 766 598 haudquaquam
792 538 884 596 pares
910 523 1034 583 domurn
1053 524 1168 584 rediere.

205 607 406 683 Euthymidas
433 614 598 682 postquam
627 614 729 666 castra
752 606 945 682 popularium
971 609 1011 667 ad
1033 606 1170 681 Salganea

205 707 277 752 esse
293 691 510 766 profectosque
520 691 651 774 Aetolos
666 690 795 762 audivit,
811 699 842 750 et
856 690 923 766 ipse
937 691 1078 750 aThebis
1089 690 1169 750 hue-

207 791 264 835 nas
278 773 383 842 rediit;
404 781 434 834 et
447 773 626 835 Herodorus
638 789 707 834 oum
719 789 775 848 per
784 774 902 850 aliquot
912 774 980 834 dies
995 777 1127 835 intentus
1139 775 1169 834 ab

204 858 346 918 Atalante
359 857 481 932 signum
498 858 684 933 nequiquam
706 865 933 932 exspectasset,
955 859 1054 919 missa
1073 873 1168 934 specu-

206 941 313 1002 latoria
326 956 420 1014 nave,
441 946 476 1000 ut
490 940 563 1016 quid
577 955 682 1002 morae
702 947 787 1000 esset
806 943 912 1016 sciret,
933 949 1099 1018 postquam
1118 957 1171 1001 ren

205 1026 352 1086 omissam
374 1025 412 1085 ab
433 1025 527 1085 sociis
547 1025 638 1098 vidit,
662 1023 841 1100 Thronium,
869 1024 950 1086 unde
970 1033 1112 1099 venerat,
1132 1041 1171 1084 re

205 1109 290 1184 petit.

288 1190 419 1252 XXXIX.
454 1191 611 1265 Quinctius
633 1207 758 1266 quoque
777 1191 826 1252 his
847 1192 958 1252 auditis
979 1193 1019 1252 ab
1042 1191 1172 1252 corintho

117 1303 119 1308 ·
205 1275 333 1336 veniens
348 1277 493 1347 navibus,
510 1276 540 1334 in
556 1274 708 1335 Chalcidis
722 1275 837 1351 Euripo
852 1273 980 1336 Eumeni
994 1277 1063 1352 regi
1077 1291 1172 1336 occur-

204 1360 252 1420 rit.
284 1360 399 1434 placuit
418 1359 601 1434 quingentos
626 1359 735 1419 milites
761 1359 907 1435 praesidii
932 1375 1029 1420 causa
1053 1357 1172 1433 relinqui

205 1443 348 1504 Chalcide
362 1442 400 1502 ab
414 1441 549 1502 Eumene
563 1457 652 1517 rege,
672 1443 775 1518 ipsum
787 1443 925 1506 Athenas
939 1445 994 1502 ire.
1016 1442 1168 1517 Quinctius

206 1543 268 1602 quo
284 1527 441 1601 protectus
462 1533 542 1598 erat,
561 1525 783 1586 Demetriadem
805 1527 973 1599 contendit,
994 1534 1084 1588 ratus
1099 1526 1172 1587 Chal

204 1610 304 1670 cidem
318 1609 474 1668 liberatam
489 1609 632 1669 momenti
647 1609 763 1685 aliquid
776 1612 860 1686 apud
870 1610 1032 1686 Magnetas
1046 1612 1086 1671 ad
1096 1625 1172 1685 repe·

203 1692 325 1752 tendam
345 1691 522 1752 societatem
544 1694 712 1753 Romanam
738 1694 894 1755 iacturam.
927 1702 958 1754 et
982 1703 1016 1754 ut
1037 1692 1173 1771 praesidii

205 1775 320 1850 aliquid
340 1782 425 1836 esset
448 1792 525 1836 suae
550 1777 645 1852 partis
671 1777 859 1851 hominibus,
885 1779 1023 1839 Eunomo
1053 1774 1172 1854 praetori

149 1895 152 1900 ·
203 1860 419 1920 Thessalorum
435 1860 574 1936 scripsit,
596 1867 629 1920 ut
642 1869 772 1922 armaret
792 1863 992 1936 iuventutem,
1013 1871 1047 1932 et
1060 1860 1172 1923 Villium

204 1944 244 2004 ad
263 1944 485 2004 Demetriadem
507 1943 664 2020 praemisit
683 1945 723 2006 ad
743 1947 937 2022 temptandos
959 1946 1097 2021 animos,
1121 1961 1172 2005 non

203 2028 305 2101 aliter,
326 2027 386 2088 nisi
400 2044 473 2103 pars
489 2029 592 2104 aliqua
611 2029 770 2090 inclinaret
789 2031 829 2090 ad
845 2037 1019 2105 respectum
1035 2031 1173 2106 pristinae

203 2110 369 2184 societatis,
380 2127 445 2170 rem
457 2111 671 2186 adgressurus.
704 2114 814 2174 Villius
827 2114 1039 2190 quinqueremi
1054 2128 1131 2175 nave
1140 2111 1173 2170 ad

204 2195 315 2254 ostium
331 2203 438 2268 portus
450 2201 498 2254 est
508 2195 657 2254 invectus.
678 2211 715 2256 eo
728 2197 885 2259 multitudo
896 2197 1076 2274 Magnetum
1085 2195 1173 2258 omnis

204 2293 272 2336 curn
288 2293 323 2336 se
338 2276 514 2352 effudisset,
530 2277 682 2354 quaesivit
695 2279 820 2354 Villius,
840 2287 941 2342 utrum
955 2283 996 2342 ad
1010 2283 1128 2342 amices
1141 2293 1173 2337 an

203 2360 243 2418 ad
258 2360 356 2421 hostis
378 2377 449 2421 sese
469 2363 594 2423 venisse
615 2364 745 2424 mallent.
773 2365 934 2440 respondit
946 2363 1173 2441 Magnetarches

201 2443 395 2523 Eurylochus
407 2445 448 2504 ad
459 2448 576 2509 amicos
587 2447 713 2508 venisse
725 2463 809 2508 eurn=
832 2450 890 2509 sed
904 2449 1071 2510 abstineret
1083 2455 1173 2525 portu,

203 2536 234 2588 et
255 2529 368 2591 sineret
382 2529 540 2605 Magnetes
562 2531 593 2591 in
615 2532 782 2592 concordia
800 2539 831 2592 et
850 2533 989 2593 libertate
1010 2547 1099 2607 esse,
1123 2545 1173 2591 nco

202 2629 259 2688 per
274 2615 419 2689 colloquii
434 2615 571 2694 speciem
585 2614 804 2676 multitudinem
815 2617 1001 2678 sollicitaret.
1024 2614 1173 2678 altercatio

202 2697 274 2757 inde
289 2715 350 2758 non
365 2715 466 2759 sermo
482 2699 551 2772 luit,
568 2715 637 2760 curn
649 2701 806 2774 Romanus
817 2707 850 2762 ut
860 2701 995 2776 ingratos
1007 2701 1174 2777 increparet

200 2778 359 2853 Magnetas
385 2781 632 2856 imminentisque
658 2785 848 2859 praediceret
872 2785 992 2860 clades,
1018 2783 1173 2846 multitudo

201 2859 394 2937 obstreperet
408 2880 488 2924 nunc
503 2871 643 2934 senatum
655 2882 736 2927 nunc
748 2868 918 2942 Quinctium
928 2871 1117 2930 accusando.
1139 2867 1174 2925 ita

200 2943 284 3004 irrito
299 2945 419 3019 incepto
436 2947 545 3007 Villius
560 2949 601 3006 ad
614 2948 786 3021 Quinctium
808 2968 880 3013 sese
895 2953 1021 3028 recepit.
1044 2960 1075 3013 at
1089 2951 1171 3026 puin-

202 3025 279 3087 etius
301 3027 404 3088 nuntio
425 3029 465 3088 ad
486 3037 658 3104 praetorem
678 3033 790 3108 misso,
816 3045 851 3097 ut
869 3037 1031 3096 reduceret
1055 3037 1172 3096 domum

202 3111 326 3184 copias,
341 3111 410 3186 ipse
423 3113 554 3173 navibus
571 3114 746 3178 Corinthum
761 3119 858 3180 rediit.

283 3193 344 3254 XL.
366 3195 529 3256 Abstulere
548 3213 598 3258 me
618 3201 703 3262 velut
722 3201 762 3261 de
782 3203 881 3278 spatio
897 3202 1044 3264 Graeciae
1057 3218 1109 3263 res
1123 3201 1170 3260 im·

199 3276 312 3336 mixtae
331 3278 491 3352 Romanis,
516 3297 578 3341 non
605 3283 677 3358 quia
701 3285 787 3360 ipsas
808 3301 922 3361 operae
942 3285 1074 3362 pretium
1094 3288 1171 3344 esset

200 3359 407 3436 perscribere,
422 3363 479 3422 sed
493 3365 566 3438 quia
581 3381 694 3428 causae
709 3383 778 3428 cum
791 3368 942 3436 Antiocho
961 3371 1085 3430 luerunt
1095 3365 1170 3427 belli.

199 3443 378 3502 consulibus
400 3445 623 3520 designatis-
638 3451 710 3510 inde
730 3468 862 3528 namque
882 3452 1127 3513 deverteram-
1139 3448 1169 3509 L·
