2480 3904
177 233 239 297 tes
322 231 438 292 Llssxlt
452 229 574 291 xxxv.
596 229 793 293 CAP.1t.15.
815 230 851 306 [a.
865 235 898 288 υ.
912 233 1009 311 asse]

263 371 422 458 Claudius,
443 389 568 444 secutus
585 383 718 442 Graecos
733 383 891 443 Acilianos
906 384 1011 456 libros,
1031 382 1065 442 P.
1078 385 1151 444 Atri-

176 485 286 532 canum
300 470 330 528 in
345 484 383 528 ea
397 467 494 528 tuisse
508 467 661 542 legatione
676 466 775 544 tradit,
791 481 924 543 eumque
933 467 1052 542 Ephesi
1067 469 1155 528 collo·

176 563 278 616 cutum
301 568 370 612 cum
383 551 569 620 Hannibale;
593 557 624 611 et
644 565 816 612 sermonem
835 567 930 611 unum
951 551 1045 611 etiam
1057 551 1154 624 retem

176 655 238 714 quo
254 635 411 714 quaerenti
425 635 581 710 Africano,
598 649 689 708 quem
704 633 802 694 tuisse
816 635 982 695 maximum
995 635 1155 710 imperato-

174 738 240 782 rem
248 719 401 781 Hannibal
417 719 564 790 crederet,
579 718 783 794 respondisse
793 719 1003 779 Alexandrum
1013 718 1157 780 Macedo·

174 823 247 867 num
268 819 387 879 regem,
413 801 497 879 quod
518 819 615 878 parva
634 817 727 862 manu
746 801 983 864 innumerabiles
1005 803 1155 862 exercitus

174 890 321 961 fudisset,
343 887 427 962 quod
441 886 562 948 ultimas
577 901 664 962 oras,
681 902 759 961 quas
773 887 876 948 visere
890 901 986 962 snpra
1000 901 1093 962 spem
1107 886 1156 944 hu-

174 988 294 1032 manam
305 979 398 1046 esset,
410 978 616 1047 peragrasset.
640 971 798 1046 quaerenti
810 968 930 1043 deinde,
945 985 1037 1045 quern
1050 985 1153 1030 secun·

174 1058 247 1117 dum
260 1063 405 1132 poneret,
426 1054 577 1134 Pyrrhum
592 1055 709 1115 dixisse
723 1062 824 1116 castra
838 1053 945 1114 metari
957 1055 1093 1129 primum
1108 1055 1155 1114 do

175 1141 295 1211 cuisse;
317 1140 431 1200 adhoc
445 1139 597 1200 neminem
612 1137 782 1215 elegantius
796 1139 867 1198 loca
881 1138 1020 1214 cepisse,
1044 1138 1154 1213 praesi-

175 1226 226 1286 dia
251 1225 465 1304 disposuisse;
497 1231 593 1284 artem
618 1224 709 1284 etiarn
732 1221 916 1283 conciliandi
936 1221 996 1284 sibi
1017 1222 1155 1283 homines

175 1325 243 1370 eam
257 1309 413 1384 habuisse,
428 1316 462 1369 ut
472 1309 593 1368 italicae
603 1314 711 1384 gentes
722 1307 804 1382 regis
817 1307 935 1368 externi
948 1322 1043 1382 quam
1053 1307 1154 1382 populi

174 1392 312 1466 Romani,
328 1401 389 1454 tam
404 1393 456 1452 diu
469 1390 619 1467 principis
633 1391 664 1452 in
676 1407 713 1452 ea
722 1398 813 1464 terra,
828 1389 988 1466 imperinm
1002 1406 1077 1452 esse
1088 1392 1153 1450 mal·

175 1478 245 1537 lent.
269 1476 459 1550 exsequenti,
476 1491 566 1548 quem
578 1477 698 1534 tertium
710 1475 844 1548 duceret,
860 1475 944 1536 haud
956 1474 1052 1536 dubie
1064 1482 1155 1535 semet

174 1560 277 1635 ipsum
292 1560 418 1619 dixisse.
440 1566 503 1618 tum
516 1557 613 1619 risum
627 1559 769 1620 obortum
781 1557 928 1634 Scipioni,
944 1567 975 1620 et
985 1559 1153 1621 subiecisse

174 1644 342 1718 „quidnam
361 1649 395 1703 tu
415 1641 551 1716 diceres,
573 1642 600 1702 si
619 1658 669 1703 me
688 1642 861 1704 vicissost“
888 1651 970 1718 „tum
992 1659 1071 1704 vero
1091 1645 1153 1702 me“

174 1727 273 1802 inquit
286 1733 337 1798 „et
351 1733 421 1786 ante
435 1725 644 1786 Alexandrum
658 1733 690 1788 et
704 1732 774 1786 ante
783 1725 934 1806 Pyrrhum
949 1734 979 1787 et
992 1735 1067 1788 ante
1081 1725 1152 1786 alios

175 1810 273 1870 omnis
296 1810 496 1884 imperatores
518 1815 620 1870 osse.“
653 1817 683 1871 et
695 1811 878 1886 perplexum
892 1811 1007 1872 Punico
1028 1819 1152 1872 astare

175 1909 325 1970 sponsum
346 1901 376 1953 et
396 1893 597 1969 improvisum
618 1894 839 1956 adsentationis
861 1911 959 1970 genus
979 1893 1151 1972 Scipionem

174 1979 326 2052 movisse,
351 1977 434 2054 quod
449 1993 466 2036 e
481 1993 574 2054 grege
596 1994 632 2038 se
652 1979 868 2054 imperatorum
887 1979 1151 2040 velutinaestima·

118 2077 123 2082 ·
175 2062 264 2122 bilem
281 2062 476 2122 secrevisset.

259 2147 325 2206 XV.
352 2144 462 2205 Villius
485 2143 524 2203 ab
544 2143 669 2219 Epheso
684 2146 854 2220 Apameam
876 2151 1041 2222 processit.
1076 2163 1112 2208 eo
1126 2153 1151 2204 et

173 2227 345 2288 Antiochus
357 2226 460 2288 audito
472 2227 640 2301 legatorum
647 2229 855 2291 Romanorum
866 2232 1001 2294 adventu
1015 2230 1150 2294 occurrit

172 2315 330 2386 Apameae
351 2312 528 2386 congressis
550 2310 730 2386 disceptatio
751 2314 861 2374 eadem
875 2316 970 2375 terme
984 2317 1057 2390 tuit,
1079 2327 1151 2390 qnae

173 2395 290 2454 Romae
304 2394 383 2454 inter
395 2395 562 2469 Quinctium
578 2403 609 2456 et
621 2397 739 2471 legatos
754 2397 836 2472 regis
852 2399 959 2461 tuerat.
982 2417 1070 2460 mors
1081 2413 1149 2458 nun-

172 2479 245 2540 tiata
259 2477 402 2540 Antiochi
422 2479 476 2539 lilii
496 2481 594 2556 regis,
618 2496 707 2555 quem
729 2481 856 2556 missum
872 2484 964 2556 paulo
983 2493 1057 2544 ante
1073 2483 1149 2543 dixe-

172 2580 237 2623 ram
253 2565 282 2623 in
299 2563 429 2642 Syriam,
444 2563 563 2625 diremit
577 2565 739 2640 colloquia.
764 2581 893 2640 magnus
908 2567 1009 2628 luctus
1024 2568 1057 2627 in
1071 2565 1151 2640 regia

172 2646 229 2708 init
248 2664 455 2722 magnumque
476 2649 542 2707 eins
562 2649 682 2709 iuvenis
703 2648 905 2711 desiderium:
938 2651 971 2710 id
991 2652 1074 2712 enim
1096 2649 1149 2708 inm

173 2731 329 2804 specimen
345 2732 392 2790 sni
405 2732 540 2803 dederat,
557 2739 590 2791 ut
603 2733 630 2792 si
642 2733 703 2792 vita
714 2731 835 2807 longior
847 2735 1035 2810 contigisset,
1053 2730 1149 2807 magni

171 2813 305 2886 iustique
319 2813 401 2886 regis
416 2812 447 2872 in
463 2829 500 2873 eo
516 2815 649 2875 indolem
665 2817 762 2876 luisse
777 2826 949 2892 appareret.
973 2836 1035 2894 quo
1053 2818 1148 2879 carior

174 2896 394 2970 acceptiorque
409 2897 549 2958 omnibus
564 2905 642 2974 erat,
663 2914 700 2959 eo
716 2915 799 2960 mors
816 2901 882 2962 eius
898 2901 1077 2977 suspectior
1090 2899 1147 2972 luit,

172 2994 296 3054 gravem
317 2993 532 3042 successorem
552 2998 621 3042 eum
641 2981 756 3043 instare
777 2985 925 3045 senectuti
943 3002 1020 3047 suae
1035 2993 1147 3060 patrem

173 3061 346 3124 credentem
362 3079 418 3139 per
433 3063 590 3140 spadones
605 3067 765 3142 quosdam,
781 3068 885 3128 talium
896 3067 1067 3132 ministerio
1080 3066 1146 3128 tact-

171 3163 279 3208 norum
295 3155 441 3224 acceptos
454 3150 589 3226 regibus,
603 3167 723 3211 veneno
739 3151 912 3212 sustulisse.
942 3169 1009 3213 eam
1026 3164 1146 3228 quoquo

173 3247 295 3292 causam
312 3233 501 3294 clandestino
514 3235 640 3296 facinori
652 3232 831 3308 adiciebant,
849 3236 931 3309 quod
944 3229 1076 3298 Seleuco
1088 3232 1145 3295 filio

170 3315 395 3390 Lysimachiam
410 3318 562 3393 dedisset,
584 3317 735 3380 Antiocho
753 3334 843 3392 quam
858 3319 987 3379 similem
1001 3320 1088 3380 daret
1101 3333 1142 3377 se·

171 3397 256 3471 dem,
277 3411 311 3460 ut
324 3403 432 3476 procul
448 3403 486 3462 ab
502 3418 537 3462 se
550 3403 668 3464 honore
683 3419 752 3462 eum
768 3418 893 3478 quoque
908 3402 1073 3478 ablegaret,
1088 3415 1142 3462 non

169 3477 336 3542 habuisset.
369 3485 470 3558 magni
491 3493 589 3545 tamen
612 3488 711 3546 luctus
733 3485 856 3560 species
877 3503 935 3562 per
950 3485 1068 3564 aliquot
1082 3485 1142 3546 dies
