2482 3900
237 184 354 245 Llltltlt
368 183 486 244 XXXII.
510 183 593 244 cni.
607 192 649 244 ιο.
662 190 705 244 11.
718 191 761 243 te.
785 187 821 256 [a.
834 187 866 240 c.
879 188 941 255 198]
1038 182 1080 246 ct

96 334 316 410 ballistaeque,
343 333 374 392 in
397 332 538 393 omnibus
559 347 658 408 prope
679 333 807 409 rupibus
831 334 920 408 quasi
940 335 971 394 in
992 350 1079 396 muro

93 417 277 493 dispositae.
310 416 413 478 multis
433 417 506 476 nino
527 420 619 492 atque
636 415 718 476 illino
737 416 916 479 muneribus
931 419 1083 494 acceptis,

91 517 163 562 curn
185 500 294 576 etiarn,
314 501 393 562 utin
408 501 526 580 proelio
541 502 638 576 iusto,
661 502 779 576 aliquot
792 501 994 577 cecidissent,
1016 519 1079 565 nex

90 599 219 662 pugnae
233 583 327 646 finem
338 585 422 647 iecit.

176 669 228 730 Xl.
252 669 326 729 (lum
341 669 372 728 ln
383 669 443 730 hoc
455 677 596 734 stetures
608 677 700 744 essct,
717 677 823 744 pastor
834 669 959 744 quidam
971 686 990 730 a
1002 671 1078 731 Cha·

88 769 169 829 repo
183 753 324 828 principa
338 753 532 829 Epirotarum
546 755 660 814 missus
676 754 838 814 deducitur
851 753 891 813 ad
907 757 1076 819 consulem.

88 836 116 898 is
132 853 169 898 sc
184 837 216 896 in
229 853 269 898 eo
284 839 378 909 saltu,
395 839 448 914 qul
462 839 556 914 regiis
569 845 634 898 tum
647 845 802 898 teneretur
818 837 943 913 castris,
959 853 1077 898 armen-

86 927 153 982 tum
168 934 303 996 pasoere
317 921 440 982 solitum
454 922 494 982 ait
509 937 616 982 onrnes
630 921 777 982 montium
793 937 900 982 eorum
911 922 1077 984 amfractus

85 1004 251 1080 callesque
265 1019 369 1066 nosse.
391 1007 419 1066 si
434 1021 539 1066 secum
554 1008 677 1080 aliquos
691 1007 801 1066 consul
814 1006 932 1065 mutere
942 1007 1024 1084 velit,
1041 1022 1077 1068 se

86 1105 151 1148 non
174 1089 282 1165 iniquo
298 1102 356 1149 nec
370 1089 543 1164 perdifficili
558 1089 643 1150 aditu
658 1104 753 1162 super
768 1096 859 1163 ceput
872 1088 1006 1149 hostium
1020 1105 1076 1151 cos

85 1173 303 1233 deducturum.
338 1171 416 1233 lraec
436 1173 488 1234 ubi
510 1175 619 1234 consul
634 1171 764 1246 audivit,
787 1179 1018 1246 percunctatum
1035 1173 1076 1234 ad

84 1257 265 1332 Charopum
274 1257 370 1328 mittit,
387 1259 504 1318 satisne
516 1257 704 1317 credendum
715 1271 811 1330 super
821 1261 906 1315 mute
916 1271 951 1314 re
962 1257 1077 1329 agresti

85 1347 241 1401 censeret.
263 1339 423 1416 Charopus
438 1341 605 1402 renuntiari
623 1341 714 1412 iubet,
731 1341 772 1399 itu
787 1339 934 1409 crederet,
951 1347 985 1398 ut
999 1355 1075 1400 sune

85 1425 193 1499 potius
217 1425 319 1484 omnia
341 1441 433 1500 quom
455 1425 536 1492 illius
557 1424 718 1502 potcstatis
742 1430 856 1484 essent.
893 1439 962 1482 cum
977 1423 1075 1498 mugis

85 1509 182 1569 vellet
196 1508 324 1568 credere
345 1523 437 1584 quom
456 1509 585 1570 auderet
605 1509 794 1583 mixtumque
813 1506 926 1581 gaudio
947 1515 978 1568 et
994 1515 1076 1568 metu

83 1591 224 1652 animum
237 1597 365 1667 gereret,
381 1594 559 1654 auctoritate
574 1600 675 1654 motus
691 1592 822 1667 Charopi
837 1590 972 1665 experiri
986 1607 1075 1665 spem

84 1676 222 1735 oblatam
237 1676 354 1747 stetuit3
376 1684 408 1737 ot
418 1683 453 1736 ut
467 1683 617 1738 averteret
630 1691 696 1736 rem
710 1676 750 1736 ab
765 1674 958 1750 suspicione,
980 1675 1074 1736 biduo

83 1761 262 1835 insequenti
276 1762 432 1822 lacessere
446 1761 575 1835 hostem
592 1759 752 1836 dispositis
768 1759 807 1818 eb
823 1760 904 1818 omni
918 1766 1006 1834 perte
1022 1775 1073 1820 co·

83 1844 146 1919 piis
163 1845 465 1921 succedentibusque
477 1845 604 1920 integris
620 1845 650 1904 in
668 1845 771 1904 locum
785 1842 988 1915 defessorum,
1011 1859 1073 1904 non

85 1927 212 1988 destitit.
249 1934 392 2002 quattuor
412 1929 495 1988 milia
516 1928 587 1988 inde
608 1930 688 1988 lecta
710 1927 845 2002 peditum
868 1933 899 1986 et
919 1932 1073 1988 trecentos

82 2012 207 2087 equites
222 2011 343 2072 tribuno
356 2013 485 2072 militurn
500 2012 600 2072 tradit.
623 2013 752 2088 equites,
761 2011 864 2088 quoad
874 2013 944 2073 loca
953 2011 1071 2084 potian-

81 2103 149 2170 tur,
174 2095 288 2156 duoere
308 2095 407 2166 iubet3
428 2096 482 2158 ubi
497 2097 538 2156 ad
553 2097 635 2156 invia
649 2095 743 2172 equiti
760 2101 883 2155 ventum
898 2093 946 2167 sit,
961 2095 992 2152 in
1007 2095 1072 2168 pla·

81 2179 159 2239 nitio
174 2181 277 2254 aliqua
287 2179 383 2242 locari
394 2182 579 2255 equitatum
594 2181 724 2256 pedites,
742 2195 803 2254 qua
815 2179 879 2238 dux
890 2184 1073 2240 monstraret

81 2263 182 2338 mam,
198 2263 259 2333 ire3
281 2264 349 2338 ubi,
370 2271 404 2324 ut
417 2265 612 2340 polliceatur,
635 2279 729 2340 super
744 2271 837 2338 caput
851 2263 986 2324 hostium
1000 2279 1071 2338 per-

83 2353 211 2407 ventum
231 2347 284 2422 sit,
308 2349 390 2409 lumo
407 2349 481 2408 dare
503 2349 639 2424 signum,
662 2364 720 2408 neo
735 2355 824 2408 antea
839 2347 1004 2406 clamorem
1015 2347 1071 2407 tol-

83 2446 158 2505 .erc,
177 2446 269 2505 quarn
281 2431 320 2490 ab
335 2447 370 2492 sc
384 2433 473 2508 signe
489 2441 617 2510 accepto
632 2447 767 2508 pugnam
779 2437 920 2506 coeptam
933 2429 1072 2490 arbitrari

82 2521 204 2590 posset.
239 2521 330 2575 nocte
351 2516 460 2576 itinera
481 2517 548 2576 lieri
565 2517 648 2576 iubet
661 2549 705 2560 -
717 2521 749 2574 et
763 2530 884 2588 pernox
906 2514 984 2572 sorte
998 2513 1071 2572 luna

81 2606 151 2660 erat
160 2621 218 2655 -a
241 2598 372 2660 interdiu
387 2601 447 2660 cibi
462 2600 636 2676 quietisque
651 2605 786 2659 sumeret
799 2603 931 2670 tempus.
961 2596 1071 2656 ducem

83 2682 250 2761 promissis
271 2683 445 2758 ingentibus
462 2689 637 2756 oneratum,
661 2683 688 2742 si
703 2681 782 2742 fides
798 2687 913 2755 exstet,
935 2679 1071 2740 vinctum

82 2775 187 2827 tamen
208 2767 330 2828 tribuno
350 2769 450 2829 tradit.
479 2769 527 2828 his
543 2767 641 2846 copiis
656 2767 698 2826 ite
712 2764 856 2826 demissis
873 2779 910 2824 eo
925 2765 1069 2825 intentius

81 2852 242 2912 Romanus
257 2851 394 2928 undique
409 2853 502 2913 instat
515 2851 599 2927 apud
616 2852 774 2914 stationes.
797 2849 861 2908 Xll.
884 2849 1003 2909 interim
1019 2849 1069 2909 die

80 2936 171 2996 tertio
189 2949 258 2996 curn
273 2937 432 3012 verticem,
457 2952 549 3012 quern
562 2935 714 3010 petierant
726 2934 872 3008 Romani,
890 2934 1014 3008 cepisse
1029 2949 1067 2993 cc

80 3027 189 3079 tenere
210 3033 246 3080 sc
266 3019 349 3081 lurno
371 3021 594 3095 significarent,
621 3025 685 3080 tum
707 3034 780 3079 vero
798 3018 945 3078 trifariam
960 3017 1068 3078 divisis

80 3103 183 3179 copiis
202 3105 314 3164 consul
333 3105 415 3164 valle
435 3105 537 3166 media
557 3119 627 3164 curn
645 3103 772 3164 militum
792 3101 905 3164 robore
920 3101 1066 3172 succedit,
1158 3175 1159 3178 Ἴ
1230 3113 1231 3116 ’

81 3203 200 3248 cornua
229 3187 337 3249 dextra
361 3190 513 3264 laevoque
537 3189 680 3248 admovet
705 3185 824 3248 castris.
856 3201 914 3246 nec
940 3184 1068 3257 segnius

78 3269 189 3333 hostes
205 3271 328 3332 obviarn
342 3278 424 3333 eunt.
453 3273 483 3332 et
497 3273 570 3332 dum
584 3272 727 3332 aviditate
742 3269 913 3332 certaminis
928 3267 1068 3342 provecti
1161 3267 1164 3272 “
1230 3283 1231 3294 ’

78 3361 170 3416 extra
190 3355 376 3416 munitiones
397 3363 549 3432 pugnant,
570 3355 654 3415 haud
674 3357 766 3430 paulo
788 3353 931 3428 superior
944 3357 992 3412 est
1005 3351 1066 3411 Ro-

78 3455 192 3500 manus
217 3439 306 3500 miles
326 3444 362 3501 et'
377 3437 488 3501 virtute
509 3447 538 3500 et
559 3438 686 3499 scientia
710 3445 739 3497 et
758 3452 871 3512 genere
898 3451 1065 3496 armorum:
