2506 3898
183 195 248 258 Μ
291 193 407 255 LIBER
418 192 578 254 XXXVIII.
602 192 685 253 CAP.
696 201 723 256 9.
737 201 779 254 10.
795 201 835 254 ll.
859 200 895 267 [a.
908 197 943 252 U.
956 217 979 252 c.
993 203 1056 266 563]

185 343 349 410 concilium
362 345 512 406 referrent
525 343 711 419 permissum
725 351 782 405 est.
814 360 911 420 parua
925 343 1110 420 disceptatio
1126 346 1166 405 de

184 430 312 494 urbibus
335 429 445 500 tenuit,
471 443 551 503 quae
576 443 645 488 curn
670 428 718 488 sui
738 427 813 488 iuris
834 428 1000 504 aliquando
1022 429 1164 500 luissent,

185 515 274 576 avelli
295 515 379 574 velut
395 527 560 586 acorpore
584 527 642 572 suo
663 526 756 586 aegre
776 511 983 586 patiebantur:
1010 513 1052 572 ad
1070 529 1166 572 unum
1244 551 1245 576 2

185 613 292 660 omnes
314 605 412 656 tamen
427 594 526 670 accipi
541 609 649 669 pacem
664 595 828 656 iusserunt.
858 595 1098 656 Ambracienses
1115 612 1166 654 co·
1244 605 1245 630 1

184 698 291 744 ronam
306 694 429 740 auream
444 679 563 739 consuli
578 685 700 740 eentum
714 684 744 739 et
758 679 977 754 quinquaginta
991 681 1099 755 pondo
1113 681 1167 739 de-

186 767 303 828 derunt.
325 762 415 838 signa
432 777 528 822 aenea
542 777 776 836 marmoreaque
790 769 822 823 et
834 761 957 824 tabulae
972 763 1082 838 pictae
1100 765 1168 838 qui·
1244 777 1245 794 1

184 851 243 910 hus
258 847 393 909 ornatior
401 844 573 919 Ambracia,
590 845 661 922 quia
674 846 759 920 regia
774 844 816 906 ibi
825 844 934 924 Pyrrhi
949 847 1056 920 luerat,
1073 863 1169 922 quam

185 928 446 1004 ceteraeregionis
458 929 525 990 eius
536 929 629 990 urbes
640 929 862 1001 erant‚sublatrr
869 929 1167 1004 omnia'avectaque.

184 1016 256 1076 nihil
271 1020 431 1089 praeterea
444 1020 557 1074 tactum
570 1013 765 1074 violatumve.

267 1098 303 1158 X.
336 1097 494 1158 Proiectus
518 1097 558 1158 ab
578 1096 741 1158 Ambracia
765 1098 873 1158 consul
892 1097 922 1156 in
941 1097 1169 1158 mediterranea

183 1183 332 1255 Aetoliae,
347 1181 387 1241 ad
398 1181 498 1256 Argos
510 1180 756 1256 Amphilochium
769 1213 804 1224 —
820 1180 926 1255 viginti
940 1181 1003 1242 duo
1018 1181 1103 1240 milia
1128 1181 1167 1240 ab

184 1267 347 1328 Ambracia
361 1264 449 1326 abest
460 1297 500 1306 —
514 1271 614 1326 castra
628 1263 741 1340 posuit.
769 1279 807 1326 eo
822 1263 944 1324 tandem
957 1265 1051 1338 legati
1064 1265 1169 1326 Aetoli

183 1352 312 1410 mirante
333 1350 461 1410 consule
481 1349 564 1423 quod
585 1355 777 1433 morarentur
796 1354 954 1408 venerunt.
990 1347 1064 1408 inde
1079 1356 1166 1422 post·

185 1450 278 1509 quam
301 1431 494 1507 approbasse
518 1447 628 1506 pacem
653 1432 815 1493 concilium
834 1433 1015 1494 Aetolorum
1036 1431 1167 1506 accepit

183 1516 278 1578 iussis
294 1514 449 1590 proficisci
463 1515 592 1574 Romam
606 1515 646 1574 ad
661 1521 815 1589 senatum,
837 1513 1068 1590 permissoque,
1089 1522 1124 1576 ul
1138 1523 1169 1574 et

182 1598 297 1661 Rhodii
311 1606 342 1658 et
354 1596 557 1660 Athenienses
573 1597 790 1672 deprecatores
804 1595 896 1670 irent,
918 1598 990 1658 dato
1007 1597 1062 1673 qui
1076 1599 1167 1660 simul

185 1699 254 1744 curn
267 1681 304 1742 iis
320 1677 567 1756 proficisceretur
582 1679 612 1740 G.
627 1680 751 1742 Valerio
769 1682 861 1742 trahe
876 1681 988 1756 ipsein
1005 1681 1165 1756 cephalle-

185 1766 265 1826 niam
280 1763 405 1827 traiecit.
436 1771 679 1840 praeoccupatas
697 1765 780 1826 auris
795 1764 977 1840 animosque
991 1765 1165 1840 principum

184 1847 300 1912 Romae
321 1847 495 1910 criminibus
516 1846 648 1924 Philippi
667 1848 861 1920 invenerunt,
886 1849 938 1924 qui
959 1850 1165 1924 perlegens,

185 1949 239 2010 per
253 1933 367 1995 litteras
382 1931 519 2007 Dolopas
531 1931 816 2008 Amphilochosque
831 1939 862 1994 et
870 1933 1084 1994 Athamaniam
1102 1948 1165 1996 ere-

184 2025 254 2093 ptas
266 2017 325 2077 sihi
337 2030 478 2092 querens,
491 2015 707 2092 praesidiaque
719 2031 784 2090 sua,
797 2025 952 2092 postremo
964 2016 1062 2078 filium
1075 2015 1166 2078 etiam

186 2101 295 2162 Persea
309 2115 349 2160 ex
360 2098 570 2174 Amphilochis
585 2100 717 2174 pulsum,
736 2107 887 2161 averterat
901 2107 1040 2162 senatum
1057 2100 1098 2160 ab
1114 2116 1166 2160 au·

185 2184 304 2243 diendis
330 2181 475 2256 precibus
500 2196 615 2242 eorum.
649 2183 762 2244 Rhodii
787 2193 886 2246 tamen
909 2191 940 2244 et
958 2183 1168 2246 Athenienses

183 2281 253 2326 cunr
267 2265 386 2326 silentio
402 2263 497 2324 auditi
512 2272 591 2326 sunt.
627 2265 826 2332 Atheniensis
842 2268 961 2342 legatus
976 2267 1062 2328 Leon
1076 2269 1155 2328 Hice

183 2349 248 2408 siae
269 2348 349 2409 lilius
373 2349 547 2423 eloquentia
568 2350 659 2413 eumn
676 2350 786 2414 dicitur
800 2351 952 2423 movisse;
975 2351 1028 2427 qui
1043 2353 1158 2426 vulgat

182 2432 392 2506 similitudine,
411 2433 487 2492 mari
501 2435 664 2509 tranquillo
682 2437 766 2509 quod
779 2436 879 2497 ventis
895 2435 1103 2498 concitaretur
1119 2443 1157 2492 a·

183 2517 375 2592 quiperando
396 2515 617 2580 multitudinem
631 2519 826 2594 Aetolorum,
849 2536 943 2594 usus,
965 2533 1034 2580 eum
1056 2519 1088 2581 in
1107 2511 1157 2572 lde

183 2601 341 2664 Romanae
355 2599 512 2662 societatis
524 2603 719 2677 mansissent,
734 2603 825 2666 insita
837 2602 937 2679 gentis
947 2601 1156 2678 tranquilliate

184 2685 311 2758 quiesse
327 2701 383 2748 eos
399 2685 514 2748 aiebam
535 2689 701 2761 postquam
716 2685 791 2750 llere
807 2688 846 2750 ab
860 2688 937 2750 Asin
950 2687 1055 2750 Thoas
1072 2679 1154 2738 1Βί-

182 2767 360 2842 onearohus,
376 2768 414 2830 ab
424 2767 551 2844 Eruopa
560 2769 715 2834 Menestas
731 2778 761 2832 et
771 2771 963 2834 Damocritus
976 2771 1153 2847 coepisflllt

155 2854 246 2910 «tum
265 2850 345 2910 illarn
366 2857 578 2925 tempestatem
598 2861 735 2916 coortam
757 2871 837 2930 quae
851 2855 891 2916 ad
903 2855 1079 2917 Antioonm
1096 2862 1151 2908 00⁸

181 2933 262 2994 sicut
274 2931 305 2992 in
320 2936 481 3010 scopulum
496 2937 657 2998 intulisset
677 2938 726 2998 Xl.
750 2939 803 3000 diu
814 2930 1150 3002 iactattAetoltanden

56 3029 64 3048 ⁸
181 3023 216 3076 ut
230 3015 428 3078 condiciones
444 3020 530 3093 pacis
549 3019 748 3082 convenirent
762 3022 941 3086 eilbcerunt.
973 3019 1147 3084 furuntau·

51 3093 61 3185 f
180 3108 241 3160 tem
257 3098 342 3160 haec.
364 3101 544 3176 „imperium
559 3104 810 3182 maiestatemque
822 3107 930 3182 populi
940 3095 1055 3168 Rob‘tni
1070 3111 1150 3171 80111

57 3231 60 3239 .
179 3183 361 3246 Aetolorum
381 3193 565 3248 conservato
588 3185 655 3250 sine
670 3188 741 3250 dolo
756 3192 848 3252 mulo.
884 3205 924 3251 ne
939 3191 1013 3268 qam
1028 3180 1148 3242 exerci-

180 3275 260 3339 tum,
276 3266 331 3342 qm·
345 3269 496 3332 adversus
512 3271 616 3333 socios
631 3271 812 3349 amicosque
827 3289 934 3336 eorum
946 3268 1074 3336 11011111,
1090 3279 1148 3338 901·

181 3347 260 3411 fines
281 3365 357 3412 suos
377 3353 507 3413 transire
529 3355 633 3426 sinito,
655 3357 817 3418 neveulla
837 3373 898 3434 ope
919 3349 1012 3418 iliw-
1039 3344 1146 3439 Ι111181ῑ5

179 3433 308 3492 eosdem
329 3433 442 3496 habeto
458 3453 537 3511 quos
553 3440 687 3513 populus
701 3440 874 3514 Romanus,
897 3439 1022 3500 diique
1037 3445 1069 3487 ¹¹¹
1088 3447 1145 3490 0⁰⁵
