2482 3900
1097 41 1103 52 ο

169 263 212 330 ot
326 263 440 324 LlBER
454 261 573 322 xxxll.
596 259 678 320 cAP.
693 264 719 318 a.
732 267 773 319 ιο.
796 261 878 331 [co.
893 277 917 316 c.
934 259 996 328 ool]

1222 374 1223 438 l

171 433 232 495 que
255 433 293 477 ee
315 414 480 486 seotoou'o,
503 411 534 472 ni
556 411 722 484 timuisset,
744 424 797 481 nc,
822 423 891 468 cum
904 424 924 466 a
938 407 1013 466 mori
1027 408 1152 482 longius
1222 441 1223 468 l

169 501 355 562 recessisset
368 498 482 558 emisso
495 512 515 556 e
529 495 669 556 monitam
684 492 788 567 hoste,
806 491 846 567 si,
859 490 948 566 cuod
963 497 1055 552 antee
1068 492 1152 552 lecc-

169 594 232 659 ret‚
254 581 469 648 soluudlnious
488 579 639 654 silvisque
658 593 695 639 se
708 577 800 640 lotari
819 591 876 636 rex
895 575 1060 648 voluisset,
1083 575 1153 636 sine

169 669 233 730 ullo
253 667 367 730 effectu
385 672 491 726 oestos
510 662 730 724 cruciaretur.
765 667 932 736 utcumque
952 666 1039 720 esset
1051 659 1153 734 igitur,

171 753 223 814 illo
247 752 317 828 ipso
340 757 406 816 tom
429 749 534 823 iniquo
555 748 625 810 looo
649 744 778 820 adfice&
798 743 919 812 hostem
938 742 1065 819 placuit.
1093 744 1155 804 sed

171 836 269 912 magis
290 834 357 894 lieri
369 833 404 894 ul
418 831 567 908 placebat,
581 845 676 904 quom
691 828 846 905 quomodo
859 827 950 888 fieret
962 827 1039 888 sctis
1053 842 1153 903 crope-

170 921 309 982 mmcnu
334 918 372 977 li.
387 917 523 990 orasque
539 913 740 990 quadraginta
753 913 897 974 sincello
913 919 1026 972 conatu
1040 910 1153 974 seden-

169 1010 218 1065 tes
232 1005 264 1066 iu
284 1007 453 1077 conspeetu
471 999 606 1060 hostium
626 997 870 1074 absumpserant.
902 995 975 1057 inde
989 1011 1065 1070 spes
1082 996 1155 1056 caca

169 1086 311 1162 Philippo
328 1092 382 1146 cst
401 1100 457 1160 por
475 1083 669 1157 Epirotermn
689 1088 811 1156 genem
830 1080 1027 1156 temptandae
1048 1080 1153 1155 pecis3

168 1169 338 1246 habitoque
357 1168 489 1230 corello
509 1166 622 1226 deicoli
643 1166 683 1226 acl
700 1181 768 1226 eam
786 1180 851 1226 rom
871 1163 1023 1239 agendam
1034 1162 1153 1225 Pausa·

170 1256 238 1316 uias
256 1262 379 1330 praetor
400 1259 431 1314 ct
442 1251 621 1316 Alexander
635 1250 781 1326 magister
794 1249 932 1324 equitum
947 1249 1156 1314 conculcaret
1225 1311 1226 1322 ,

169 1355 283 1414 regem,
295 1337 348 1399 ubi
364 1337 395 1398 in
410 1336 579 1397 artissimas
593 1335 678 1410 ripas
692 1335 780 1401 Aous
790 1332 910 1408 cogitur
920 1331 1029 1412 omnis,
1049 1331 1078 1391 in
1090 1334 1153 1392 col·

170 1423 306 1498 loquium
321 1422 524 1482 adduxerunt.
547 1434 667 1480 summe
681 1417 904 1493 postulatorum
919 1417 1056 1479 consulis
1071 1424 1153 1476 erat:

172 1505 329 1582 praesidia
342 1519 381 1564 ex
395 1503 569 1568 civitatibus
582 1518 639 1562 rex
653 1502 837 1572 deducerem
857 1502 897 1561 iis
915 1517 1046 1578 quorum
1059 1516 1154 1576 agros

170 1588 502 1664 urbesoucpopuletus
514 1585 911 1662 essetrcclderetrescuae
923 1591 1152 1662 comparereot3

168 1680 343 1734 ceterorum
354 1687 455 1746 oeque
466 1671 590 1732 arbitrio
600 1669 769 1732 aestimatio
781 1671 877 1731 lieret.
892 1669 1051 1746 Philippus
1062 1669 1154 1730 eliam

170 1756 300 1818 eliorum
328 1755 492 1816 eivitatium
521 1755 734 1815 condicionem
761 1769 834 1816 esse
861 1754 1030 1830 respondit.
1069 1769 1154 1830 vquas

170 1840 239 1915 ipse
254 1839 398 1915 cepisset,
413 1855 467 1900 eas
482 1839 692 1900 liberaturumz
715 1855 794 1914 quae
808 1839 867 1900 sihi
881 1838 1010 1902 traditae
1023 1853 1043 1896 e
1056 1838 1153 1898 maio-

169 1923 255 1986 ribus
271 1930 390 1999 essent,
410 1938 513 1986 earum
528 1923 712 1984 hereditaria
728 1939 764 1984 ac
778 1924 858 1984 iusta
872 1922 1077 1999 possessione
1091 1939 1154 1983 uon

171 2023 382 2072 excessurum.
414 2007 441 2068 si
455 2024 533 2082 quos
551 2015 752 2082 quermemur
767 2007 839 2067 belli
854 2008 960 2069 clades
975 2023 1031 2069 eae
1049 2005 1154 2068 civita-

171 2099 227 2168 tos,
243 2109 311 2156 orat
327 2091 438 2166 ouibus
449 2092 592 2152 boiletum
602 2091 689 2167 torel,
701 2092 825 2152 arbitrio
837 2107 899 2167 quo
912 2093 1034 2166 vellent,
1052 2108 1153 2168 popu·
1228 2095 1229 2120 ³

169 2176 267 2240 iorum
279 2193 348 2238 oum
360 2175 472 2251 quibus
484 2192 546 2250 pax
557 2175 696 2250 utrisque
708 2176 824 2250 luisset,
841 2191 1023 2238 sensurum.
1043 2177 1153 2237 conoul

170 2258 244 2320 nilril
267 2260 308 2320 cd
328 2259 360 2322 id
378 2259 505 2334 quidem
527 2259 640 2320 arbitro
660 2267 713 2320 aut
732 2259 833 2320 iudice
853 2275 934 2335 opus
951 2275 1024 2320 esse
1039 2259 1153 2320 dicere.

170 2343 219 2406 cui
234 2345 314 2406 enim
328 2358 390 2404 non
404 2359 556 2420 apparere
570 2344 609 2404 ab
623 2360 661 2405 eo
679 2344 731 2419 qui
744 2343 830 2420 prior
842 2360 928 2405 armo
940 2343 1094 2406 intulisset
1106 2344 1153 2406 in-

169 2427 275 2489 iuriam
302 2433 419 2490 omamt
449 2443 508 2490 occ
527 2428 700 2505 Philippum
720 2427 758 2488 ab
777 2428 850 2489 ullis
873 2427 954 2489 bello
975 2427 1154 2488 lacessitum

169 2512 303 2588 priorem
322 2512 383 2575 vim
405 2513 546 2576 omnibus
567 2514 689 2574 iecisse.
722 2511 795 2572 iudo
810 2528 879 2573 oum
893 2518 1049 2588 ageretur,
1073 2527 1154 2587 quae

169 2597 307 2660 civitates
321 2595 498 2660 liberandae
513 2605 626 2672 essent,
641 2597 808 2658 Thessalos
823 2595 939 2672 primos
951 2595 1084 2659 omnium
1096 2613 1153 2656 no-

168 2681 293 2744 minavit
314 2683 431 2744 consul.
463 2683 504 2742 ed
523 2682 554 2742 id
573 2697 647 2743 vero
666 2682 748 2742 olleo
769 2696 920 2744 accensus
942 2679 1153 2755 indignatione

169 2769 301 2837 ostrea,
324 2771 358 2825 ut
372 2766 556 2826 exclamaret
573 2766 670 2840 ,maid
683 2765 764 2826 vieto
779 2766 903 2840 gravius
915 2765 1102 2841 imperares,
1117 2766 1151 2824 T.

169 2845 329 2920 eumelio
357 2852 450 2922 atque
471 2847 512 2908 ita
525 2862 561 2906 ee
576 2863 616 2908 eu
629 2848 785 2924 colloquio
799 2847 959 2924 proripuit
989 2855 1020 2908 et
1033 2855 1152 2924 tempe·

167 2935 267 2992 ratum
291 2944 383 3003 aegre
404 2937 464 3004 est,
491 2931 563 3005 quin
583 2930 766 3006 missilibus,
792 2933 863 3007 quia
884 2933 1025 3009 dirempti
1046 2931 1158 2999 medio.

168 3013 249 3075 arnol
271 3013 405 3088 fueraut,
426 3029 561 3090 pugnem
573 3015 652 3077 ieter
664 3031 702 3076 se
718 3023 923 3077 consererent.
957 3023 1084 3094 postero
1098 3015 1151 3078 llic

125 3115 129 3120 ·
167 3112 224 3172 per
238 3095 440 3160 excursiones
461 3097 499 3158 eb
514 3098 697 3162 stationibus
719 3101 817 3175 primo
831 3100 862 3160 io
877 3100 1003 3176 planitie
1017 3101 1093 3161 satis
1109 3098 1151 3160 ad

166 3179 198 3242 id
212 3180 328 3260 petenti
341 3181 436 3245 multa
449 3182 529 3244 levio
541 3183 706 3246 commissa
715 3184 833 3260 proelia
843 3191 931 3256 suec
945 3184 1061 3248 leude
1070 3181 1149 3244 reci·

166 3265 321 3340 picentibus
345 3281 380 3328 se
398 3265 492 3340 regiis
512 3266 543 3327 ir
563 3273 629 3330 arta
648 3274 679 3329 et
691 3271 879 3344 *conlrcgosc
897 3270 982 3341 loce,
1001 3268 1149 3330 ariditme

166 3349 290 3412 accensi
311 3350 482 3414 wmuriois
503 3365 541 3411 eo
563 3368 689 3429 quoque
702 3353 831 3414 Romani
850 3361 1060 3428 penetravere.
1089 3366 1147 3428 pro

60 3491 69 3494 ,,
93 3481 99 3487 ,
165 3430 215 3492 his
240 3433 316 3494 ordo
336 3441 367 3495 et
381 3433 516 3496 militaris
541 3436 704 3512 disciplina
720 3444 751 3498 et
774 3453 872 3512 gertus
895 3451 1050 3499 ¹orreorum
1071 3442 1145 3510 erat,

166 3520 269 3589 aptum
289 3517 429 3592 tegendis
451 3519 649 3595 corporibus;
671 3536 727 3596 pro
743 3520 833 3582 hoste
846 3523 916 3582 loco
930 3528 960 3583 et
973 3522 1145 3596 catapultae
