2482 3902
164 180 204 244 78
303 177 417 238 LIBER
431 179 549 238 xxxll.
569 177 651 236 CAP.
666 184 710 240 33.
724 185 768 238 34.
790 183 827 250 [a.
842 180 877 234 U.
892 198 917 233 c.
932 181 995 246 bob]

162 331 250 394 sione
265 329 425 392 dimicetur
438 330 592 390 tollentem
608 327 680 388 nihil
695 327 752 388 sibi
773 335 896 403 praeter
915 327 1029 387 bellurn
1049 327 1142 388 relin-

163 431 266 492 quere,
284 414 368 488 quod
383 411 544 473 consilium
558 419 651 472 esse?
665 409 761 486 pluris
776 409 879 486 priore
892 425 973 472 anno
985 409 1143 472 sociorum

162 501 255 560 urbes
271 497 301 557 in
315 493 474 556 Thessalia
489 503 649 556 evastasse
661 493 832 570 Philippum
856 510 949 569 quam
963 509 1072 555 omnes
1088 492 1143 570 qui

163 596 306 657 umquam
320 579 428 639 hostes
442 577 619 640 Thessaliae
634 577 753 638 luerint.
785 576 863 652 ipsis
880 593 1005 653 quoque
1020 578 1144 639 Aetolis

163 682 232 726 eum
247 665 336 739 plura
348 662 467 724 socium
482 677 572 737 quam
587 661 707 722 hostem
722 660 886 722 ademisse.
913 659 1143 736 Lysimachiam

162 749 252 824 pulso
275 752 416 822 praetore
437 754 468 806 el
488 745 642 820 praesidio
663 746 843 805 Aetolorum
864 759 1038 820 occupasse
1059 760 1143 804 eum.

163 831 247 892 Cium
261 829 333 890 item
349 845 423 890 suae
444 827 575 889 dicionis
596 829 703 888 urbem
717 827 853 888 tunditus
869 826 1020 888 evertisse
1034 843 1072 888 ac
1087 827 1145 888 de·

110 975 121 991 ,
162 917 255 975 lesse.
298 913 405 974 eadem
421 912 528 972 fraude
542 911 656 971 habere
671 927 740 972 eum
754 911 875 972 Thebas
889 908 1030 986 Phthias,
1049 910 1144 970 Echi-

162 1015 244 1071 num,
258 997 404 1067 Larisam,
419 995 606 1056 Pharsalum.

242 1079 375 1141 XXXIV.
397 1079 500 1140 Motus
516 1077 653 1140 oratione
666 1077 833 1138 Alexandri
844 1075 1005 1152 Philippus
1019 1093 1145 1152 navem,

163 1173 195 1224 ut
210 1163 415 1236 exaudiretur,
429 1159 559 1239 propius
574 1170 683 1222 terram
698 1161 854 1236 applicuit.
889 1176 995 1222 orsum
1010 1175 1079 1221 eum
1095 1159 1144 1222 di-

163 1264 249 1317 cere,
275 1246 305 1307 in
326 1247 454 1308 Aetolos
476 1245 621 1320 maxime,
646 1243 794 1306 violenter
807 1245 965 1306 Phaeneas
980 1243 1144 1305 interfatus

144 1381 147 1386 .
163 1349 223 1392 non
238 1329 269 1390 in
285 1329 388 1390 verbis
402 1346 466 1390 rem
478 1328 555 1389 verti
571 1327 626 1389 ait:
648 1335 700 1388 aut
714 1328 795 1389 bello
809 1327 995 1388 vincendum
1009 1335 1062 1388 aut
1075 1343 1145 1388 me-

163 1413 289 1475 lioribus
304 1413 473 1490 parendum
491 1427 571 1472 esse.
594 1419 742 1487 „apparet
755 1411 786 1471 id
802 1410 944 1486 quidem“
960 1410 1059 1487 inquit
1070 1410 1143 1470 Phi-

162 1497 265 1574 lippus
287 1495 397 1570 ,etiam
419 1500 543 1564 caeco,“
564 1495 683 1555 iocatus
703 1493 733 1554 in
755 1493 959 1555 valetudinem
980 1495 1141 1556 oculorum

161 1579 330 1640 Phaeneae.
366 1586 396 1638 et
410 1585 475 1638 erat
488 1576 623 1638 dicacior
637 1586 744 1638 natura
759 1595 851 1654 quam
864 1593 969 1653 regem
984 1578 1089 1650 decet,
1111 1587 1144 1639 ct

162 1680 201 1724 ne
215 1662 293 1722 inter
305 1659 386 1721 seria
398 1659 523 1735 quidem
534 1659 598 1721 risu
610 1659 685 1721 satis
697 1668 881 1737 temperans.
903 1659 1055 1736 indignari
1066 1658 1141 1722 inde
1233 1675 1234 1698 ¹

162 1744 265 1819 coepit
278 1745 407 1806 Aetolos
421 1752 575 1818 tamquam
585 1745 741 1806 Romanos
754 1745 862 1806 decedi
875 1743 1003 1805 Graecia
1016 1744 1141 1816 iubere3

163 1827 215 1903 qui
232 1826 342 1903 quibus
357 1827 470 1888 sinibus
486 1826 613 1889 Graecia
627 1826 675 1902 sil,
690 1827 792 1890 dicere
806 1845 868 1889 non
882 1827 1014 1904 possint
1038 1827 1142 1905 ipsius

162 1909 242 1972 enim
265 1911 405 1972 Aetoliae
429 1913 568 1987 Agraeos
599 1912 824 1988 Apodotosque
849 1919 880 1974 et
903 1911 1140 1988 Amphilochos,

163 2012 242 2070 quae
256 2011 424 2071 permagna
438 2011 544 2055 eorum
559 2012 632 2070 pars
647 1994 694 2068 sit,
710 1995 868 2056 Graeciam
883 2013 944 2056 non
960 2011 1042 2056 csse.
1079 2011 1139 2069 „an
1232 2065 1233 2078 χ

163 2081 246 2154 quod
261 2096 279 2138 a
294 2077 389 2140 sociis
405 2095 510 2139 eorum
526 2095 588 2139 non
603 2078 814 2152 abstinuerim,
834 2078 945 2140 iustam
968 2079 1140 2154 querellam

162 2163 282 2235 habent,
298 2177 366 2222 cum
381 2159 441 2236 ipsi
456 2177 513 2236 pro
528 2163 596 2237 lege
606 2161 687 2222 hunc
698 2161 864 2238 antiquitus
875 2179 991 2224 morem
1003 2171 1141 2235 servent,

161 2253 194 2305 ut
207 2245 358 2306 adversus
374 2243 478 2305 socios
493 2243 553 2320 ipsi
568 2261 657 2318 suos,
679 2244 801 2321 publica
822 2253 937 2307 tantum
958 2243 1141 2307 auctoritate

160 2329 298 2403 dempta,
324 2327 511 2388 iuventutem
532 2344 618 2388 suam
643 2327 771 2388 militare
793 2328 894 2390 sinant
913 2337 944 2392 et
965 2328 1140 2391 contrariae

159 2427 312 2488 persaepe
327 2410 410 2472 acies
425 2409 599 2488 inutraque
614 2421 700 2486 parte
707 2411 847 2472 Aetolica
860 2412 973 2473 auxilia
983 2413 1142 2474 habeant?
1231 2455 1232 2460 η

160 2512 261 2570 neque
276 2511 334 2572 ego
347 2493 431 2556 Cium
446 2495 637 2572 expugnavi,
659 2495 714 2556 sed
728 2493 865 2556 Prusiam
886 2495 1004 2557 socium
1019 2504 1050 2557 et
1063 2494 1141 2556 ami-

160 2597 228 2642 cum
244 2587 471 2656 oppugnantem
487 2579 607 2640 adiuvi:
630 2587 660 2640 et
675 2577 899 2654 Lysimachiam
915 2580 953 2640 ab
967 2578 1140 2642 Thracibus

159 2663 327 2736 vindicavi3
344 2671 374 2724 et
389 2663 461 2739 quia
474 2675 523 2724 me
537 2661 707 2724 necessitas
722 2663 761 2721 ad
772 2662 831 2722 hoc
842 2664 954 2723 bellum
965 2680 985 2722 a
996 2662 1141 2724 custodia

159 2746 226 2808 eius
241 2747 358 2818 avertit,
374 2747 508 2806 Thraces
522 2747 644 2806 habent.
667 2753 697 2806 et
710 2743 828 2806 Aetolis
843 2746 929 2807 hacc.
964 2745 1068 2808 Attalo
1084 2762 1139 2806 au·
1230 2781 1231 2784 =

158 2840 218 2890 tem
232 2828 424 2902 Rhodiisque
439 2827 512 2887 nihil
533 2828 599 2888 iure
620 2829 735 2889 debeo=
757 2845 818 2890 non
833 2829 914 2890 enim
927 2846 947 2889 a
960 2846 1009 2889 me
1025 2829 1083 2889 sed
1098 2829 1139 2889 ab

157 2911 217 2971 illis
233 2909 416 2986 principium
431 2911 501 2971 belli
517 2920 614 2972 ortum
630 2919 685 2972 est.
706 2912 913 2974 Romanorum
924 2922 1024 2974 aulem
1036 2913 1139 2974 hono-

158 2992 200 3054 ris
217 3009 311 3054 causa
324 2993 459 3054 Peraean
474 2994 603 3056 Rhodiis
619 3003 649 3054 et
662 3011 757 3056 naves
777 2997 880 3058 Attalo
902 3013 971 3057 oum
994 2995 1139 3072 captivis,

157 3075 210 3152 qui
225 3078 454 3152 comparebunt,
468 3078 635 3140 restituam.
678 3095 746 3138 nam
763 3081 846 3154 quod
861 3081 901 3140 ad
914 3079 1137 3155 Nicephorium

158 3159 349 3237 Venerisque
365 3161 468 3237 templi
482 3162 703 3224 restitutionem
725 3162 845 3236 attinet,
868 3163 942 3239 quid
961 3163 1083 3224 restitui
1100 3179 1138 3224 ea
1229 3189 1230 3210 1

156 3246 378 3320 postulantibus
391 3247 605 3322 respondeam,
623 3247 755 3322 nisique
771 3264 831 3308 uno
843 3248 935 3308 modo
949 3245 1046 3307 silvae
1059 3245 1136 3307 luci-

156 3345 216 3402 que
231 3328 314 3390 caesi
328 3328 445 3390 restitui
459 3340 605 3405 possunt,
627 3347 729 3392 curam
752 3330 986 3408 impensamque
1002 3327 1134 3392 sationis

155 3427 202 3471 me
216 3421 455 3488 praestaturum,
476 3414 618 3489 quoniam
633 3415 709 3474 haec
724 3413 802 3474 inter
817 3430 851 3474 se
866 3429 956 3488 reges
971 3415 1134 3488 postulare
