2480 3904
195 177 257 240 264
344 177 460 238 LIBER
474 175 619 236 XXXVII.
643 175 726 234 cni).
740 183 767 236 l.
779 184 805 233 5.
829 181 864 247 [a.
877 180 910 231 U.
923 197 948 232 e.
961 179 1023 246 562]

196 329 252 388 rito
266 327 419 403 stipendio
433 326 491 386 sub
506 327 689 398 imperatore
699 323 731 381 P.
742 325 888 384 Africano
898 323 1066 398 habebant,
1082 341 1168 399 prae-

196 418 243 472 sto
265 413 351 471 luere
371 408 493 470 exeunti
514 407 632 468 consuli
653 413 684 466 et
703 406 827 466 nomina
846 407 1006 466 dederunt
1036 423 1095 482 per
1116 424 1170 468 eos

195 493 262 554 dies
278 493 390 569 quibus
404 499 453 552 cst
466 492 623 566 proiectus
638 489 804 549 nobellum
819 491 943 563 consul,
957 490 1040 550 ludis
1053 493 1168 565 Apolli-

195 577 335 651 naribus,
350 575 515 642 antediem
532 573 670 648 quintum
681 572 752 632 idus
764 573 943 646 Quinctiles,
958 575 1045 632 caelo
1060 589 1171 634 sereno

195 659 326 720 interdiu
345 659 508 720 obscurato
528 658 582 716 lux
602 663 664 727 est,
693 670 762 714 oum
779 657 853 716 luno
876 657 935 716 sub
962 655 1071 716 orbem
1097 658 1168 717 solis

195 743 338 804 subisset.
369 750 399 802 et
412 741 445 800 L.
463 739 611 800 Aemilius
631 738 784 813 Regillus,
804 740 854 800 cui
873 740 992 799 navalis
1010 740 1170 816 provincia

194 835 352 895 evenerat,
374 825 483 884 eodem
497 829 634 898 tempore
654 821 810 896 proiectus
825 831 881 883 est
912 822 946 882 L.
960 824 1167 884 Aurunculeio

193 908 349 984 negotium
362 909 401 968 ab
416 912 527 968 senatu
540 907 643 968 dotum
658 912 719 978 est,
739 913 773 966 ut
786 906 906 979 triginta
921 907 1170 981 quinqueremes,

193 991 297 1066 viginti
317 991 456 1052 triremes
476 991 604 1064 luceret,
626 989 699 1064 quia
718 988 799 1048 lamo
818 996 884 1048 erat
895 989 1083 1050 Antiochum
1104 997 1170 1065 post

193 1074 344 1150 proelium
358 1075 466 1136 novole
479 1073 625 1134 maiorem
640 1073 771 1132 classem
785 1072 938 1146 aliquanto
952 1088 1114 1147 repnrme.

277 1159 393 1230 Aetoli,
416 1166 580 1234 postquam
594 1155 685 1230 legati
700 1155 738 1215 ab
752 1155 851 1216 Romo
864 1157 1046 1216 rettulerunt
1060 1157 1169 1216 nullan

193 1259 281 1317 spem
297 1243 384 1318 panis
399 1257 485 1315 esse,
504 1255 688 1316 quamquam
708 1240 807 1299 omnis
823 1255 878 1300 ora
890 1239 1042 1300 maritima
1057 1255 1170 1313 corum,

194 1341 274 1400 quae
288 1326 318 1386 in
332 1325 578 1401 Peloponnesum
592 1338 683 1384 versa
697 1328 759 1397 est,
780 1322 968 1398 depopmau
981 1323 1021 1382 ab
1036 1323 1169 1386 Achaeis

193 1416 272 1482 crat,
299 1409 425 1483 periculi
445 1407 542 1481 magis
564 1421 656 1481 quam
670 1405 772 1465 damni
787 1421 953 1478 memores,
975 1413 1008 1466 ut
1022 1405 1169 1466 Romanis
1226 1429 1227 1480 ι

192 1491 428 1551 intercluderent
440 1491 511 1560 iter,
538 1489 684 1550 coracem
704 1497 933 1564 occupaverunt
945 1495 1102 1550 montem:
1123 1505 1169 1548 ne

194 1589 254 1648 que
279 1574 359 1634 enim
384 1573 561 1634 dubitabant
584 1572 624 1632 ad
651 1572 912 1647 oppugnationem
934 1573 1090 1648 Naupacti
1119 1589 1170 1632 cos

193 1656 343 1730 principio
358 1657 440 1716 veris
454 1655 607 1715 redituros
622 1669 703 1716 esse.
734 1656 847 1730 Acilio,
863 1655 935 1732 quia
947 1656 980 1716 id
994 1655 1170 1731 exspectari

192 1739 324 1812 sciebnt,
346 1739 443 1800 sotius
456 1739 557 1800 visum
578 1745 626 1800 est
645 1739 833 1814 inopinatum
847 1739 974 1814 adgredi
988 1755 1056 1799 reru
1071 1747 1106 1799 ct
1117 1739 1167 1797 La-

193 1821 283 1880 miam
299 1837 494 1897 oppugnare:
514 1838 586 1892 ,nem
606 1828 636 1882 et
655 1821 827 1898 oPhilippo
847 1838 945 1897 prope
962 1822 1002 1882 od
1017 1823 1168 1882 excidium

194 1904 344 1966 adductos
360 1921 446 1980 esse,
468 1912 498 1966 ct
511 1913 582 1966 tuno
597 1921 634 1966 eo
649 1905 734 1980 ipso,
757 1906 840 1979 quod
861 1905 932 1965 nihil
947 1906 1007 1965 tale
1021 1905 1168 1978 timerent,

195 1989 325 2063 opprimi
347 1989 487 2050 incuutos
508 2003 611 2064 posse.
640 1989 797 2064 proiectus
818 1988 856 2048 ab
870 1988 967 2048 Elatia
987 1988 1123 2064 primum
1142 1989 1167 2046 in

193 2071 327 2134 hostium
336 2078 418 2132 terra
429 2072 510 2131 circo
521 2069 708 2144 Spercheum
721 2086 838 2130 emnem
851 2071 955 2146 posuit
965 2078 1086 2140 costro;
1103 2071 1170 2130 inde

194 2163 283 2215 noete
297 2156 387 2214 motis
403 2155 513 2228 signis,
530 2154 629 2227 prime
640 2155 708 2214 luce
723 2169 839 2216 corona
851 2153 973 2215 moenio
984 2163 1033 2215 est
1043 2155 1168 2230 adgres-

192 2253 257 2296 sus.
290 2237 327 2293 V.
348 2252 476 2310 magnus
498 2251 596 2310 pavor
616 2251 653 2295 ue
667 2238 826 2309 tumultus,
851 2244 885 2298 ιιι
898 2238 927 2296 in
942 2253 976 2296 re
990 2238 1168 2312 improvisa

192 2318 256 2378 luit.
273 2319 462 2380 constantius
474 2325 574 2378 tomen
583 2335 675 2396 quom
683 2319 752 2394 quis
764 2320 899 2394 lecturos
912 2321 1061 2394 erederet,
1069 2321 1102 2382 in
1114 2329 1169 2381 tarn

194 2401 294 2464 subito
307 2401 530 2477 periculo,oum
541 2403 597 2462 viri
609 2409 846 2478 propugnarent,
855 2403 986 2464 feminae
997 2404 1058 2464 tela
1070 2404 1170 2464 omnis
1186 2413 1190 2426 ·
1225 2427 1226 2478 j

192 2485 315 2560 generis
330 2502 470 2562 saxoque
483 2486 513 2546 in
529 2502 633 2550 muros
648 2493 803 2562 gererent,
819 2487 879 2546 iam
893 2486 1088 2548 multifariam
1104 2502 1168 2548 sca·

192 2568 229 2630 lis
245 2571 396 2646 oppositis
411 2571 518 2632 urbem
532 2586 569 2631 eo
586 2571 635 2630 die
650 2571 861 2630 defenderunt.
882 2571 1001 2631 Acilius
1017 2571 1167 2646 signore
1225 2581 1226 2588 ¹

193 2653 294 2728 ceptui
315 2654 386 2715 doto
409 2671 485 2716 suos
505 2655 535 2714 in
556 2662 655 2714 cestra
675 2653 776 2716 medio
796 2655 890 2714 sermo
910 2653 960 2713 die
979 2654 1120 2724 reduxit;
1142 2659 1169 2711 et

191 2740 264 2796 tunc
279 2736 347 2798 cibo
363 2744 394 2798 et
408 2738 508 2812 quiete
521 2737 644 2796 relectis
660 2737 857 2812 corporibus,
877 2737 1060 2812 priusquam
1082 2751 1166 2812 prae·

191 2817 301 2878 lorium
317 2818 490 2891 dimitteret,
508 2819 709 2893 denuntiavit,
725 2826 838 2882 utente
850 2822 950 2880 lucem
961 2821 1069 2880 ormoti
1081 2834 1166 2895 poro·

190 2898 274 2973 tique
295 2907 414 2960 essent:
439 2901 498 2961 nisi
517 2909 693 2977 expugnato
713 2903 790 2964 urbe
810 2919 846 2964 se
866 2917 921 2964 eos
942 2901 973 2962 in
990 2910 1095 2964 castro
1109 2918 1165 2962 non

190 2983 394 3044 reducturum.
423 2984 532 3045 eodem
552 2993 691 3060 tempore
712 3003 772 3061 quo
794 2986 908 3062 pridie,
930 2986 1070 3061 pluribus
1092 2985 1165 3046 loeis

190 3066 375 3141 adgressus,
392 3083 461 3128 cum
476 3068 651 3144 oppidanos
665 3069 725 3130 iam
740 3070 838 3144 vires,
859 3068 919 3130 iam
933 3069 1008 3144 telo,
1024 3070 1084 3128 iam
1099 3074 1165 3128 onte

190 3151 291 3210 omniu
305 3151 424 3212 animus
440 3151 598 3226 deficeret,
618 3153 697 3213 intro
712 3168 830 3228 paucos
845 3152 937 3213 horos
953 3153 1062 3212 urbem
1077 3151 1164 3226 oepit.

188 3232 229 3294 ibi
243 3233 353 3308 partim
369 3234 524 3295 divendita
538 3234 649 3310 partim
665 3235 765 3296 diviso
784 3236 915 3311 praeda,
938 3235 1101 3296 consilium
1115 3234 1163 3292 ho·

187 3315 298 3391 bitum,
315 3317 388 3394 quid
404 3317 515 3379 deinde
530 3319 653 3379 laceret.
675 3319 788 3379 nemini
800 3319 840 3378 ad
851 3319 1043 3394 Naupaotrun
1054 3317 1090 3376 iri
1102 3319 1161 3391 plo·
1224 3315 1225 3370 l

187 3398 262 3470 cuit,
290 3408 441 3476 occupato
463 3401 502 3461 ad
523 3401 668 3461 corucem
689 3401 728 3461 ob
748 3401 866 3462 Aetolis
888 3402 977 3462 saltu.
1005 3407 1160 3461 notamen
