2506 3898
204 209 320 269 LIBER
333 209 482 270 XXXVII.
504 209 588 270 CAP.
603 219 648 272 ta.
659 219 704 273 53.
727 217 763 286 [a.
776 217 808 276 0.
821 222 883 286 189]
975 209 1037 278 307

53 357 185 438 pensius
201 358 460 436 cumulatiusque,
484 361 586 436 siquo
602 359 718 436 possit,
738 369 831 438 prout
851 363 917 424 eius
930 365 1038 427 merita

52 447 131 522 sint,
153 452 292 506 senatum
308 445 473 504 facturum=
495 445 534 504 ad
550 459 587 504 ea
600 461 672 516 rex,
698 447 725 506 si
740 445 779 507 ab
793 447 860 506 aliis
875 447 933 508 sibi
949 465 1036 524 prae·

52 530 185 591 miorum
207 529 290 604 optio
312 527 495 602 deferretur,
520 529 664 604 libenter,
690 531 760 592 datu
781 531 874 592 modo
894 533 1038 595 facultate

53 613 239 674 consulendi
254 618 393 672 senatum
408 613 594 688 Romanum,
616 615 746 675 consilio
761 616 941 691 amplissimi
956 620 1036 680 ordi-

53 699 103 758 nis
119 713 247 758 usuram
269 695 381 769 fuisse,
402 711 441 755 ne
463 697 536 772 quid
558 704 610 757 aut
629 697 826 760 immoderate
848 701 972 776 cupisse
987 710 1039 766 aut

54 783 175 858 petisse
195 796 303 856 purum
324 781 464 841 modeste
484 781 581 840 videri
603 789 726 856 posset:
756 783 1037 846 verumenimvero
1091 778 1094 782 ’

54 883 127 926 cum
141 866 202 941 ipsi
217 864 314 926 daturi
331 864 406 940 sint,
420 866 515 925 multo
530 865 627 940 magis
639 867 875 928 munificentiam
887 881 991 929 eorum
1007 870 1038 928 in

53 967 92 1011 se
105 951 279 1024 fratresque
295 962 371 1009 suos
387 945 525 1024 ipsorum
540 950 653 1010 arbitrii
668 950 782 1011 debere
793 966 874 1012 esse.
896 952 969 1012 nihil
980 953 1038 1014 hac

54 1033 196 1096 oratione
209 1033 277 1093 eius
291 1040 395 1108 patres
413 1033 577 1109 conscripti
593 1033 725 1094 deterriti
747 1041 832 1110 sunt,
855 1051 916 1111 quo
937 1037 1038 1097 minus

54 1119 162 1180 dicere
175 1118 277 1208 ipsum
291 1115 440 1177 iuberent.
467 1123 497 1177 et
511 1133 580 1178 cum
594 1117 781 1193 aliquamdiu
794 1118 866 1179 hinc
880 1119 1038 1195 indulgen-

54 1206 98 1264 tia
116 1202 190 1262 hinc
209 1201 361 1262 modestia
380 1201 459 1261 inter
480 1201 680 1277 permittentis
700 1204 728 1261 in
745 1203 843 1263 vicem
864 1220 926 1264 non
940 1203 1039 1280 magis

53 1295 162 1348 mutua
176 1301 267 1360 quarn
281 1285 488 1376 inexplicabili
502 1285 645 1346 facilitate
658 1293 804 1348 certatum
816 1293 914 1363 esset,
928 1287 1035 1349 Eume

54 1387 113 1432 ues
135 1385 175 1430 cx
194 1371 309 1445 templo
330 1369 474 1430 excessit.
505 1377 632 1431 senatus
647 1370 678 1430 in
694 1371 800 1431 eadem
815 1378 954 1447 perstare
969 1387 1037 1434 sen-

59 1454 165 1529 ·entia,
186 1461 221 1514 ut
241 1453 408 1514 absurdum
430 1467 502 1514 esse
522 1454 638 1516 diceret
657 1455 799 1530 ignorare
818 1469 937 1532 regem,
965 1456 1039 1532 quid

56 1553 190 1614 sperans
205 1544 258 1598 aut
270 1543 379 1614 petens
390 1538 517 1599 venerit.
540 1555 620 1615 quae
631 1540 862 1600 accommodata
872 1555 967 1615 regno
980 1549 1035 1605 sut

56 1625 133 1698 sint,
154 1623 257 1698 ipsum
278 1621 392 1698 optime
413 1623 509 1692 scire;
530 1624 637 1684 Asiam
652 1625 743 1700 longe
758 1623 866 1684 melius
883 1639 975 1700 quam
990 1641 1038 1684 se

56 1715 160 1769 natum
173 1720 277 1766 nosse.
299 1706 507 1767 revocandum
518 1707 609 1782 igitur
620 1715 650 1768 et
660 1708 840 1783 cogendum,
857 1724 937 1783 quae
947 1709 1040 1770 vellet

58 1800 202 1869 quaeque
217 1789 357 1866 sentiret,
380 1805 572 1866 expromere.
604 1791 679 1851 Llll.
701 1792 848 1852 reductus
865 1798 1040 1868 apraetore

54 1875 85 1937 in
99 1877 248 1951 templum
261 1887 318 1935 rex
338 1881 368 1935 et
388 1875 491 1935 dicere
511 1875 615 1936 iussus
637 1881 927 1950 „perseverassem‘
942 1875 1041 1952 inquit

55 1969 196 2036 „tacere,
222 1967 326 2034 patres
351 1959 531 2035 conscripti,
559 1959 618 2022 nisi
643 1959 832 2021 Rhodiorum
857 1959 1040 2034 legationem

54 2061 131 2107 mox
145 2049 313 2104 vocaturos
326 2059 384 2106 vos
401 2043 527 2118 scirem,
543 2051 574 2106 et
586 2045 646 2106 illis
661 2043 773 2106 auditis
783 2041 856 2104 mihi
870 2043 1038 2104 necessita·

53 2138 117 2191 tem
133 2129 201 2190 foro
215 2127 345 2192 dicandi.
379 2143 459 2204 quae
480 2130 603 2205 quidem
624 2145 662 2192 co
682 2127 835 2192 difficilior
856 2129 952 2190 oratio
974 2127 1038 2202 erit,

55 2211 144 2289 quod
158 2227 197 2272 ea
209 2213 363 2286 postulata
378 2227 484 2274 corum
498 2215 599 2274 futura
613 2221 700 2286 sunt,
721 2221 755 2274 ut
775 2229 836 2274 non
852 2216 951 2275 solum
966 2211 1039 2272 nihil

56 2295 143 2372 quod
158 2303 265 2356 contra
277 2309 327 2354 me
342 2298 395 2368 sit,
413 2298 468 2356 sed
480 2313 520 2358 ne
532 2299 616 2372 quod
627 2299 667 2358 ad
678 2298 766 2372 ipsos
778 2298 901 2373 quidem
913 2295 1039 2372 proprie

55 2381 221 2457 pertineat,
238 2386 343 2454 petere
355 2380 524 2439 videantur.
546 2381 727 2455 agentenim
739 2395 864 2441 causam
876 2382 1040 2440 civitatium

57 2467 259 2536 Graecarum,
281 2469 312 2523 et
325 2463 446 2524 liberari
462 2479 516 2522 eas
532 2463 635 2524 dicent
648 2463 772 2524 debere.
801 2479 863 2538 quo
878 2464 1039 2539 impetrato

55 2551 106 2610 cui
117 2547 245 2609 dubium
255 2546 311 2621 'est
328 2548 399 2624 quin
414 2555 444 2607 et
454 2563 473 2606 a
484 2546 574 2608 nobis
587 2549 725 2608 aversuri
736 2547 869 2607 sintnon
881 2563 935 2606 eas
946 2547 1039 2606 modo

56 2633 196 2694 civitates
211 2645 291 2706 quae
305 2631 526 2705 liberabuntur,
548 2632 605 2692 sed
626 2631 715 2692 ctiam
736 2637 857 2691 veteres
872 2629 1039 2708 stipendia-

54 2719 119 2778 rias
144 2721 284 2784 nostram
307 2715 365 2775 sibi
386 2724 485 2778 autem
505 2723 590 2776 tanto
612 2715 763 2791 obligatos
779 2713 929 2776 beneflcio
944 2713 1039 2774 vcrbo

55 2801 179 2868 socios,
205 2813 240 2859 re
257 2813 332 2858 vera
358 2799 515 2862 subiectos
535 2800 664 2876 imperio
686 2807 715 2860 et
735 2800 888 2862 obnoxios
909 2797 1040 2859 habituri

55 2887 139 2946 sinti
161 2891 191 2944 et
211 2885 237 2944 si
258 2883 306 2944 dis
328 2884 445 2960 placet,
467 2901 536 2946 curn
555 2885 613 2946 has
626 2891 727 2946 mutas
742 2899 819 2960 opes
836 2883 1039 2958 adfectabunt,

55 2967 295 3030 dissimulabunt
309 2969 371 3028 ulla
386 2975 473 3044 parte
486 2967 519 3030 id
532 2970 572 3030 ad
586 2985 623 3030 se
637 2970 805 3045 pertineres
827 2983 885 3030 vos
900 2968 992 3029 modo
1008 2967 1040 3027 id

54 3054 170 3112 decere
186 3055 217 3112 et
231 3052 418 3113 conveniens
434 3065 506 3114 esse
518 3059 587 3113 ante
600 3053 690 3114 factis
702 3053 813 3114 dicent.
835 3053 914 3113 haec
930 3067 985 3112 vos
1001 3067 1041 3109 ne

55 3135 194 3212 decipiat
207 3135 320 3210 oratio,
335 3137 561 3212 providendum
575 3137 665 3198 vobis
681 3138 752 3211 erit,
768 3151 847 3198 neve
862 3153 923 3197 non
938 3136 1039 3196 solum

54 3217 259 3297 inaequaliter
283 3220 360 3280 alios
385 3220 509 3281 nimium
534 3221 710 3296 deprimatis
737 3237 776 3280 ex
801 3220 896 3281 sociis
918 3218 1039 3292 vestris,

53 3303 133 3366 alios
155 3304 414 3379 praetermodum
436 3304 603 3378 extollatis,
626 3306 684 3366 scd
703 3303 793 3365 etiam
809 3319 848 3364 ne
864 3302 916 3380 qui
930 3301 1039 3362 adver-

53 3405 111 3450 sus
131 3403 191 3450 vos
211 3401 297 3448 arma
316 3387 451 3462 tulerint,
477 3388 508 3448 iu
527 3389 653 3449 meliore
672 3395 754 3450 statu
775 3388 836 3447 sint
850 3402 940 3462 quam
962 3385 1038 3446 socii
1090 3389 1095 3400 '

51 3479 107 3534 aut
117 3471 208 3534 arnici
217 3471 321 3532 vestri.
342 3472 426 3548 quod
437 3471 477 3532 ad
488 3487 537 3532 mc
548 3469 661 3546 attinet,
676 3472 706 3532 in
718 3471 785 3533 aliis
796 3471 890 3532 rebus
903 3467 1040 3532 cessisse

770 3555 829 3616 20*
