2482 3902
193 247 254 312 146
333 243 449 306 LIBER
458 239 592 303 XXXIV.
615 238 699 301 cAP.
710 247 754 301 ab.
767 246 810 302 ab.
834 243 871 314 [ι.
883 243 918 296 U.
930 259 953 296 c.
966 242 1029 310 bdi]

192 416 324 480 usquam
339 397 406 474 spei
422 395 624 472 propinquae,
640 393 754 455 nedum
769 393 844 454 satis
856 392 933 454 iirmi
944 393 1092 470 praesidii
1106 410 1174 456 cen

192 487 313 547 nebant.
346 482 423 542 baec
446 477 665 540 vociferantem
692 493 761 538 eum
780 477 1016 538 Lacedaemonii
1043 478 1174 540 circum·

192 576 315 630 ventum
331 581 399 626 cum
411 564 476 624 suis
488 563 712 624 interfecerunt
736 561 910 637 comprensi
922 561 1035 623 deinde
1048 561 1174 638 quidam

192 661 222 714 et
235 653 300 713 alii:
326 666 364 710 ex
385 649 422 709 iis
439 645 533 708 occisi
548 645 670 722 plures,
691 645 781 721 pauci
796 646 826 704 in
844 645 1015 707 custodiam
1031 645 1173 708 coniecti.

192 737 276 798 multi
290 734 429 811 pmxima
443 737 543 803 nocte,
562 729 685 790 tunibus
701 745 757 805 per
771 745 891 790 murum
903 729 1040 804 demissi,
1055 729 1097 790 ad
1110 729 1173 791 Ro·

192 836 300 882 manos
315 818 552 891 transfugerunt.
577 813 682 874 XXVI.
703 813 860 888 Quinctius
875 812 1108 875 adfirmantibus
1126 814 1171 886 iis,

193 907 219 967 si
236 906 274 964 ad
295 909 401 980 portas
416 901 570 961 exercitus
585 899 742 959 Romanus
757 897 879 968 suisset,
901 913 963 958 non
978 898 1046 958 sine
1060 895 1174 958 effectu

193 991 325 1050 futurum
341 1002 408 1046 eum
423 989 539 1044 motum
554 983 659 1057 tuisse,
681 982 751 1043 etsi
766 981 895 1057 propius
912 987 1012 1042 castra
1026 981 1173 1042 admove·

193 1081 311 1146 rentur,
336 1087 397 1131 non
419 1069 577 1145 quieturos
598 1066 747 1142 Argivos,
767 1065 849 1126 misit
868 1065 1031 1146 expeditos
1051 1064 1174 1140 pedites
1237 1077 1238 1122 t

194 1157 390 1233 equitesque,
420 1153 471 1228 qui
497 1153 579 1212 circa
605 1149 775 1227 Cylarabim
788 1182 833 1194 —
846 1149 1040 1227 gymnasium
1067 1149 1096 1208 id
1127 1155 1175 1209 ost
1237 1141 1238 1196 i

194 1241 294 1302 minus
316 1245 468 1300 trecentos
490 1251 604 1312 passus
626 1235 665 1294 ab
684 1234 761 1294 urbe
775 1247 895 1294 -cum
909 1233 1176 1308 erumpentibusa

194 1332 284 1402 porta
303 1319 555 1383 Lacedaemoniis
578 1318 729 1396 proelium
750 1317 981 1392 commiserunt,
1006 1323 1102 1392 atque
1118 1333 1175 1378 eos

194 1409 277 1469 haud
296 1422 407 1482 magno
430 1403 593 1466 certamine
613 1403 827 1478 compulerunt
839 1401 869 1462 in
883 1401 1006 1472 urbem;
1029 1406 1060 1462 et
1074 1407 1177 1462 castra

195 1511 232 1554 co
251 1494 320 1569 ipso
335 1494 414 1565 loco,
429 1489 481 1550 ubi
495 1495 661 1565 pugnatum
676 1492 750 1560 erat,
765 1485 931 1560 imperator
944 1485 1104 1546 Romanus
1119 1501 1175 1560 po-

196 1579 264 1640 suit.
288 1577 367 1636 diem
383 1573 454 1634 inde
467 1589 562 1634 unum
576 1571 606 1631 in
621 1571 757 1646 speculis
774 1571 837 1644 tuit,
854 1569 880 1630 si
896 1569 970 1645 quid
985 1569 1057 1630 novi
1071 1576 1175 1630 motus

196 1668 341 1723 oreretur.
369 1665 533 1734 postquam
548 1670 730 1732 oppressam
744 1660 827 1715 metu
842 1654 992 1714 civitatem
1006 1653 1097 1725 vidit,
1122 1654 1175 1713 ad-

195 1751 286 1807 vocat
306 1743 466 1804 consitium
489 1742 529 1802 de
543 1739 759 1816 oppugnandis
773 1738 875 1814 Argis.
912 1738 1045 1800 omnium
1063 1737 1174 1812 princi-

196 1845 269 1907 pum
285 1825 430 1887 Graeciae
452 1832 573 1902 praeter
587 1825 782 1884 Aristaenum
803 1823 911 1882 eadem
931 1822 1082 1883 sententia
1101 1830 1175 1894 erat,

197 1929 265 1976 oum
281 1927 376 1973 causa
388 1911 459 1971 beili
473 1927 534 1972 non
552 1907 610 1969 etia
625 1915 721 1982 esset,
737 1907 809 1968 inde
824 1907 1017 1982 potissimum
1032 1907 1175 1967 ordiundi

196 1998 276 2061 beili.
310 1995 447 2071 Quinctio
468 1995 499 2054 id
521 2009 715 2069 nequaquam
732 1990 886 2067 placebat,
909 1992 965 2052 sed
980 1990 1177 2053 Aristaenum

197 2088 302 2144 contra
323 2079 456 2142 omnium
476 2092 661 2138 consensum
683 2075 885 2136 disserentem
900 2091 968 2136 cum
984 2074 1066 2135 haud
1082 2075 1177 2135 dubia

196 2165 418 2242 approbatione
429 2160 559 2231 audivit;
582 2160 691 2234 etipse
702 2159 820 2236 adiecit,
836 2175 973 2235 cumpro
987 2158 1111 2234 Argivis
1124 2159 1176 2218 ad-

196 2263 306 2310 versus
320 2254 483 2323 tyrannum
497 2245 610 2306 beilum
624 2250 803 2320 susceptum
817 2245 871 2317 sit,
897 2243 971 2321 quid
985 2243 1086 2304 minus
1104 2259 1176 2304 con-

196 2332 323 2394 veniens
343 2345 429 2404 esse,
453 2343 545 2405 quam
566 2329 682 2391 omisso
702 2328 793 2390 hoste
806 2329 910 2405 Argos
925 2327 1120 2405 oppugnarit
1142 2343 1178 2388 se

195 2433 271 2478 vero
292 2421 385 2492 caput
403 2414 475 2474 betti
489 2414 752 2474 Lacedaemonem
773 2419 803 2473 et
821 2419 986 2492 tyrannum
1001 2412 1177 2488 petiturum.
1236 2469 1237 2490 ,

196 2509 227 2563 et
241 2497 368 2562 dimisso
385 2499 514 2562 consitio
529 2500 742 2560 frumentatum
754 2497 915 2572 expeditas
927 2492 1071 2559 cohortes
1084 2495 1177 2556 misit.
1236 2523 1237 2562 2

197 2587 279 2664 quod
309 2580 416 2647 maturi
445 2591 511 2646 erat
537 2584 619 2644 circa
646 2583 820 2644 demessum
847 2587 878 2641 et
905 2587 1086 2642 convectum
1113 2587 1177 2649 est;
1236 2569 1237 2600 ²

198 2671 309 2746 viride,
331 2687 370 2732 ne
383 2670 490 2731 hostes
505 2685 578 2729 mox
593 2668 754 2739 haberent,
771 2664 929 2741 protritum
943 2671 974 2725 et
988 2671 1176 2740 cormptum.

197 2761 298 2814 castra
312 2754 423 2815 deinde
437 2753 540 2827 movit,
556 2760 586 2813 et
599 2751 760 2813 Parthenio
776 2756 921 2825 superato
937 2755 1041 2812 monte
1054 2755 1179 2824 praeter

194 2840 326 2912 Tegeam
339 2837 427 2897 tertio
444 2835 547 2896 dicad
562 2835 678 2912 Caryas
694 2833 797 2910 posuit
810 2840 920 2894 castra.
943 2834 983 2895 ibi
990 2833 1178 2910 priusquam

196 2921 328 2982 bostium
353 2920 479 2980 intraret
503 2934 625 2994 agrum,
654 2919 808 2980 sociorum
833 2917 946 2980 auxilia
974 2917 1177 2994 exspectavit.

195 3003 543 3064 veneruntMacedones
559 3002 728 3080 aPhitippo
739 3003 819 3062 mitte
831 3008 861 3062 et
874 3003 1030 3077 quingenti
1042 3007 1072 3062 et
1081 3000 1177 3061 Thes·

196 3089 331 3149 saiorum
352 3088 470 3164 equites
493 3087 714 3163 quadringenti.
749 3101 807 3147 nec
821 3085 880 3146 iam
896 3086 1024 3159 auxilia,
1047 3103 1178 3162 quorum

195 3173 320 3234 adiatim
341 3180 420 3246 erat,
446 3173 502 3234 scd
525 3178 712 3232 commeatus
732 3170 866 3231 finitimis
888 3169 1015 3232 urbibus
1036 3169 1178 3252 imperati

194 3257 392 3318 morabantur
411 3257 589 3317 Romanum.
621 3256 748 3316 navales
771 3270 896 3331 quoque
917 3265 1048 3331 magnae
1067 3253 1179 3330 copiae

195 3341 426 3400 conveniebant.
456 3341 515 3399 iam
537 3339 576 3399 ab
589 3339 733 3400 Leucade
747 3338 779 3398 L.
796 3337 953 3413 Quinctius
975 3337 1179 3414 quadraginta

195 3423 324 3484 navibus
339 3430 473 3496 venerat,
487 3423 546 3481 iam
558 3421 697 3482 Rhodiae
713 3423 863 3482 decernet
878 3428 948 3483 octo
960 3427 1060 3483 metae
1070 3435 1178 3493 aava

193 3504 255 3562 iam
269 3506 422 3566 Eumenes
442 3521 497 3565 rex
512 3505 593 3565 circa
608 3503 759 3582 cycladas
774 3504 891 3566 insutas
907 3512 972 3566 erat
986 3520 1056 3566 cum
1070 3505 1180 3566 decem
