2506 3898
236 157 348 241 iussu
362 181 522 242 xrrxvm.
546 181 629 244 ene.
645 189 686 244 rs.
700 193 742 244 14.
765 189 800 256 [a.
814 187 921 255 cuso]
1012 179 1075 245 ³29

97 333 295 394 auxiliaribus
311 343 377 394 orta
392 341 453 408 est,
470 333 554 410 quod
568 336 708 397 Romano
722 343 838 396 tantum
853 336 936 397 uriliti
952 341 1074 412 paetrrm

96 415 281 477 Antiochum
301 425 335 476 ut
354 417 477 478 daretur
491 419 674 486 trumentum
688 417 836 480 Seleucus
851 418 982 480 dicebat
1011 418 1074 479 dis-

96 516 190 561 cussa
215 515 252 560 ea
273 516 397 578 quoque
417 509 465 562 est
490 502 663 563 consentia
689 502 843 578 consulis,
868 503 921 578 qui
941 503 1075 564 dimisso

96 583 216 645 tribuno
233 585 341 658 edixit,
363 599 403 644 ne
416 585 545 668 Romani
559 583 669 646 milites
683 587 873 662 acciperent,
894 586 1075 662 priusquam

93 667 187 728 Attali
202 668 315 727 auxilia
329 669 531 744 accepissem
553 669 625 730 inde
640 669 680 730 ad
691 669 906 732 Gordiutichos
922 671 1006 746 quod
1019 687 1075 730 vo·

94 759 166 812 cant
184 766 367 826 processum
387 760 443 813 est.
476 753 515 814 ex
537 768 574 814 eo
595 753 664 816 loco
686 754 726 814 ad
739 753 839 815 Tabas
854 754 950 815 tertiis
966 755 1075 818 caruis

95 843 283 910 perventum.
315 837 344 896 in
366 836 479 898 linibus
496 837 667 898 Pisidarum
687 839 788 914 posita
807 838 882 899 urbs
903 843 964 912 est,
986 837 1017 897 in
1038 853 1078 898 oa

93 925 182 994 purte
203 935 282 994 quae
302 920 399 995 vergit
412 921 453 982 ad
466 921 679 998 Pamphylium
692 937 786 982 mare.
817 921 943 997 integris
959 921 1075 981 viribus

91 1001 228 1079 regionis
248 1003 329 1079 eius,
351 1006 471 1066 seroces
494 1005 534 1065 ad
552 1005 728 1066 bellandum
742 1005 876 1067 habebat
888 1006 982 1065 viros.
1011 1011 1076 1066 turn

92 1101 219 1162 quoquc
234 1086 354 1162 equites
369 1088 399 1148 in
414 1105 523 1164 agmen
537 1089 708 1150 Romanum
722 1089 883 1164 eruptione
898 1090 978 1149 laeta
991 1088 1075 1149 haud

93 1169 216 1232 modice
235 1171 334 1246 primo
357 1173 472 1247 impetu
485 1172 664 1234 turbavere=
687 1170 798 1233 deinde
812 1180 847 1234 ut
861 1171 1004 1248 apparuit
1017 1187 1075 1232 nec

93 1270 221 1316 numero
241 1263 283 1314 'sc
302 1271 360 1316 nec
386 1257 494 1317 virtute
514 1269 606 1332 pares
627 1271 713 1330 esse,
741 1257 771 1316 in
792 1256 899 1316 urbem
924 1251 1075 1330 compulsi

93 1335 215 1398 veniam
232 1341 344 1399 erroris
365 1341 522 1416 petebant,
543 1339 658 1400 dedere
676 1340 783 1400 urbem
797 1338 904 1418 parati.
938 1339 1076 1414 quinque

94 1430 125 1483 et
140 1422 245 1498 viginti
259 1423 372 1484 talenta
386 1423 511 1498 argenti,
528 1431 559 1484 et
573 1423 680 1486 decem
693 1423 776 1484 milia
789 1423 975 1484 medimnum
986 1421 1075 1482 tritiu

93 1506 251 1581 imperatu.
273 1508 315 1568 ita
329 1508 359 1566 in
375 1508 560 1568 deditionem
576 1509 703 1583 accepti.
985 1515 990 1530 “

177 1589 257 1650 XIV.
278 1591 378 1652 Tertio
398 1593 470 1652 inde
490 1592 540 1652 die
554 1593 593 1653 ud
608 1592 718 1653 Casum
738 1607 857 1651 amnem
879 1595 1075 1666 perventum

92 1671 166 1733 inde
187 1675 318 1748 proiecti
331 1675 451 1736 Erizam
471 1677 577 1737 urbem
599 1675 696 1751 primo
717 1677 833 1750 impetu
854 1683 1011 1750 ceperunt.
1035 1673 1076 1733 ad

91 1755 268 1818 Thabusion
291 1759 448 1818 castellum
468 1759 628 1819 imminens
649 1759 767 1819 flumini
779 1759 856 1820 ludo
877 1764 1001 1818 ventum
1018 1763 1074 1830 est,

92 1841 144 1900 cui
158 1841 273 1900 iecerat
287 1857 398 1902 nomen
410 1842 503 1903 lndus
516 1842 554 1902 ab
566 1841 728 1922 elephanto
741 1841 887 1902 deiectus.
909 1841 991 1900 haud
1003 1855 1073 1914 pro·

93 1931 144 1984 cul
158 1940 178 1983 a
193 1923 305 2002 Cibyra
318 1917 458 1998 aberant,
479 1939 538 1985 nec
552 1926 663 2000 legatio
678 1926 740 1985 ullu
749 1939 773 1983 a
785 1923 928 2000 Moagete
941 1930 1074 2000 tyranno

97 2007 226 2067 civitatis
248 2008 332 2082 eius,
353 2005 476 2068 homine
495 2008 536 2068 ad
557 2009 658 2070 omnia
671 2008 766 2068 infido
782 2014 875 2082 atque
889 2007 1073 2081 importuno,

92 2089 244 2151 veniebat.
277 2092 316 2151 ad
336 2093 546 2167 temptandum
565 2093 631 2154 eius
652 2093 784 2154 animum
802 2091 832 2150 C.
847 2091 987 2150 Helvium
1005 2105 1075 2149 cum

94 2179 235 2248 quattuor
255 2175 376 2236 milibus
400 2177 536 2252 peditum
557 2183 587 2237 et
602 2177 775 2252 quingentis
796 2173 949 2250 equitibus
965 2174 1076 2234 consul

93 2258 264 2332 praemittit.
299 2259 371 2320 huic
396 2260 507 2336 agmini
531 2261 591 2320 iam
615 2259 721 2336 primis
742 2257 813 2319 finis
833 2257 1075 2334 ingredientibus

93 2341 184 2416 legati
198 2350 397 2403 occurrerunt
413 2345 586 2403 nuntiantes
601 2351 739 2419 paratum
755 2358 827 2403 esse
840 2349 1004 2420 tyrannum
1019 2340 1073 2402 im·

93 2432 201 2500 perata
215 2425 338 2486 laceret
354 2425 497 2501 orabant,
517 2433 551 2486 ιιι
565 2433 692 2501 pacatus
707 2425 777 2484 finis
791 2425 888 2499 iniret,
904 2424 1074 2486 cohiberet-

94 2523 155 2584 que
169 2524 188 2568 a
202 2508 402 2584 populatione
418 2509 482 2584 agri
496 2508 635 2580 militem;
658 2509 732 2569 etin
748 2523 863 2568 corona
878 2523 972 2567 aurea
987 2505 1075 2582 quin·

93 2592 193 2652 decim
207 2594 321 2654 talenta
335 2593 523 2654 adferebant.
545 2593 673 2653 Helvius
688 2591 826 2666 integros
841 2607 860 2651 a
874 2589 1075 2666 populatione

92 2689 186 2750 agros
198 2684 389 2737 servaturum
402 2675 556 2752 pollicitus
567 2677 611 2736 ire
622 2677 662 2736 ad
674 2675 832 2736 consulem
842 2675 962 2749 legatos
975 2672 1074 2733 iussit.

95 2759 207 2834 quibus
223 2760 330 2820 eadem
344 2758 547 2820 referentibus
560 2759 668 2821 consul
682 2773 803 2834 „neque
813 2757 963 2820 Romani‘
977 2757 1076 2832 inquit

92 2843 214 2916 ‚honae
233 2845 398 2905 voluntatis
419 2845 514 2904 ullum
535 2844 656 2920 signum
677 2859 750 2918 erga
771 2859 828 2904 nos
843 2841 965 2921 tyranni
980 2839 1074 2901 habc-

93 2941 170 3002 muS,
186 2935 216 2987 et
229 2927 332 3002 ipsum
343 2929 433 2988 talem
445 2943 516 2988 esse
527 2929 604 2988 inter
615 2942 722 2990 omnes
735 2933 863 3001 constat,
877 2933 911 2987 ut
922 2925 961 2986 de
973 2939 1075 3000 poena

93 3010 158 3087 eius
173 3009 272 3086 magis
288 3027 380 3087 quum
396 3011 579 3072 deamicitia
593 3011 682 3073 nobis
698 3010 890 3086 cogitandum
906 3008 975 3070 sit.“
1005 3023 1072 3083 per·

91 3093 202 3155 turbati
222 3094 281 3154 hae
300 3110 379 3156 voce
399 3095 490 3170 legati
511 3095 584 3155 nihil
605 3095 686 3155 aliud
710 3101 814 3170 petere
831 3110 922 3170 quam
936 3099 971 3152 ut
985 3106 1073 3151 coro-

92 3192 163 3238 nam
183 3179 351 3254 acciperet‚
375 3178 579 3254 veniendique
600 3179 640 3239 ad
659 3193 728 3239 eum
743 3185 874 3256 tyranno
890 3180 1073 3251 potestatem

92 3269 123 3322 et
137 3262 258 3338 copiam
273 3263 419 3337 loquendi
433 3278 470 3345 qe
480 3262 631 3338 purgandi
644 3276 679 3322 se
690 3264 813 3322 laceret
836 3259 989 3335 permissu
1000 3273 1073 3318 con-

92 3344 169 3406 sulis
185 3352 312 3422 postero
327 3345 377 3407 die
391 3347 422 3406 in
437 3353 538 3407 castra
552 3353 701 3424 tyrannus
718 3345 813 3418 venit,
833 3342 964 3402 vestitus
979 3341 1073 3402 comi·

92 3435 235 3506 latusque
258 3431 309 3492 vix
335 3431 376 3490 ad
400 3431 509 3506 privati
532 3429 652 3492 modice
676 3426 839 3504 locupletis
863 3425 1014 3498 habitum;
1044 3439 1075 3485 et
