2506 3898
148 202 149 211 '
228 209 516 296 ,meaxxxvlt
538 210 621 272 cnr.
635 211 679 274 ss.
694 218 738 274 er.
760 218 796 287 [a.
813 217 845 272 c.
861 219 923 285 ree]
1009 213 1072 277 309

82 365 174 426 miles
180 365 339 426 Romanus
354 361 452 437 magis
466 343 615 423 adsiduus
626 362 657 422 in
670 363 779 424 castris
792 363 847 423 luit
856 363 967 424 vestris
981 380 1072 438 quarn

82 463 146 525 ego
172 449 347 523 fratresque
370 443 440 507 mei.
482 447 566 507 nulla
591 445 763 521 expeditio,
788 447 904 508 nullum
928 453 1073 523 equestre

83 532 238 594 proelium
252 531 320 592 sine
334 545 383 590 me
394 530 508 590 lactum
520 536 577 591 est.
600 528 630 591 in
642 531 709 592 acie
720 529 762 591 ibi
773 529 942 606 steti,·eam
953 537 1072 608 partem

83 621 157 678 sum
170 621 300 690 tutatus,
315 614 347 676 in
361 629 424 691 qua
436 630 485 674 me
501 615 610 676 consul
625 629 696 674 essa
710 613 816 676 voluit.
846 631 908 676 non
930 631 999 676 sum
1013 616 1073 677 hoc

82 703 241 776 dicturus,
261 706 366 776 patres
384 696 566 775 conscripti,
594 701 664 775 quis
685 697 746 759 hoc
765 699 847 760 bello
868 698 984 760 meritis
1000 715 1074 775 erga

81 801 145 848 vos
167 799 287 846 mecum
307 783 479 858 comparari
500 789 624 859 potestt
652 799 710 858 ego
730 781 805 844 nulli
820 785 954 845 omnium
972 800 1073 860 neque

83 869 275 946 populorum
289 882 391 944 neque
405 881 527 943 regum,
544 883 624 944 quos
639 868 670 928 in
684 883 796 942 magno
811 867 931 929 honore
944 868 1072 941 habetis,

82 968 151 1016 nun
173 953 272 1016 ausim
292 967 342 1013 me
362 967 553 1028 comparare.
583 951 682 1013 hostis
702 950 870 1014 Masinissa
892 958 962 1012 ante
984 951 1073 1014 vobis

85 1054 182 1114 quam
196 1037 301 1099 socius
316 1034 387 1112 luit,
409 1051 467 1098 nec
487 1035 632 1098 ineolumi
652 1051 748 1111 regno
770 1052 839 1097 cum
860 1035 982 1097 auxiliis
998 1035 1073 1110 suis,

84 1123 147 1184 sed
157 1122 298 1195 extorris,
311 1121 470 1196 expulsus,
483 1120 606 1181 amissis
618 1119 761 1182 omnibus
774 1119 882 1198 copiis,
895 1135 964 1180 cum
973 1125 1075 1181 ‘turma

85 1208 227 1282 equitum
240 1205 270 1266 in
288 1213 389 1278 castra
408 1203 545 1280 coniugii
566 1211 677 1266 vestra.
712 1211 813 1266 tamen
838 1218 923 1276 euru,
952 1201 1024 1278 quia
1042 1203 1073 1264 in

83 1291 196 1352 Ainea
220 1291 372 1350 adversus
398 1287 574 1368 Syphacem
600 1297 631 1351 et
657 1288 915 1364 Carthaginiensis
943 1287 1074 1348 fideliter

85 1384 182 1450 atque
196 1373 324 1450 impigre
339 1372 502 1434 vobiscum
517 1374 612 1448 stetit,
633 1378 696 1434 non
716 1373 747 1433 in
768 1373 898 1450 patrium
914 1372 1014 1434 solum
1028 1389 1074 1432 ro·
1118 1423 1119 1426 ,

85 1475 184 1535 gnum
198 1459 390 1532 restiuristis,
407 1458 464 1518 sed
479 1457 599 1519 adiecta
611 1458 843 1534 opulentissima
854 1463 941 1534 parte
954 1456 1074 1535 Sypha-

87 1545 137 1604 cis
157 1543 245 1618 regni
265 1548 498 1619 praepotentem
518 1541 597 1604 inter
610 1540 735 1604 Africae
748 1557 840 1618 reges
856 1541 983 1602 lecistis.
1014 1559 1075 1618 quo

48 1633 52 1639 ’
86 1627 214 1688 tandem
229 1627 320 1702 igitur
334 1641 392 1688 nos
406 1627 544 1702 praemio
567 1633 661 1703 atque
680 1626 799 1688 honore
821 1625 904 1702 digni
919 1625 1003 1702 apud
1017 1641 1076 1686 vos

89 1727 209 1786 sumus,
226 1712 277 1786 qui
289 1726 457 1787 numquam
467 1710 583 1785 hostes,
600 1726 724 1786 semper
735 1710 813 1772 sccii
824 1711 962 1772 luimusr
981 1718 1077 1786 pater,

89 1811 168 1871 ego,
183 1797 292 1857 lraues
307 1795 367 1854 mei
380 1811 443 1856 non
457 1795 489 1854 in
500 1795 577 1854 Asia
588 1801 719 1866 mnium,
737 1796 793 1855 sed
808 1796 898 1855 etiam
915 1796 1022 1870 procul
1038 1795 1077 1855 ab

71 1945 74 1952 ,
89 1881 185 1942 domo
201 1881 232 1940 in
246 1877 462 1956 Peloponneso
477 1879 507 1938 in
521 1878 650 1940 Boeotia
664 1878 694 1939 in
708 1878 845 1951 Aetolia,
866 1877 999 1954 Philippi
1013 1880 1077 1938 An·

88 1964 186 2026 tiochi
200 1963 340 2026 Aetolico
355 1963 452 2037 bello,
476 1969 557 2024 terra
577 1963 716 2039 marique
731 1980 787 2038 pro
807 1960 895 2022 vobis
911 1978 995 2041 arma
1009 1963 1077 2022 tuli-

88 2065 173 2109 mus.
197 2049 271 2124 quid
285 2063 359 2124 ergo
374 2047 538 2124 postulas?
559 2045 642 2108 dicat
653 2047 774 2123 aliquis.
798 2044 872 2122 ege,
889 2051 992 2122 patres
1005 2062 1077 2106 con·

91 2131 210 2208 scripti,
227 2131 372 2208 quoniam
387 2133 489 2192 dicere
503 2131 609 2206 utique
619 2132 794 2192 volentibus
806 2129 896 2192 vobis
908 2130 1079 2207 parendum

91 2224 157 2290 est,
173 2217 271 2278 sivos
287 2231 324 2276 ea
338 2223 439 2278 mente
452 2216 532 2276 ultra
544 2215 635 2276 Tauri
654 2217 725 2292 iuga
742 2216 867 2278 emostis
882 2214 1077 2286 Antiochum,

89 2309 127 2362 ut
141 2301 203 2376 ipsi
217 2302 362 2362 teneretis
377 2316 431 2361 eas
451 2305 564 2374 terras,
587 2301 689 2362 nullos
711 2302 835 2362 accolas
855 2315 913 2360 nec
933 2299 1078 2360 finitimos

90 2384 209 2446 habere
225 2401 317 2461 quam
329 2399 388 2448 vos
402 2386 500 2458 malo,
515 2400 572 2444 nec
584 2385 646 2443 ulla
656 2401 691 2444 re
702 2384 863 2444 aliatutius
875 2382 1079 2460 stabiliusque

92 2485 224 2544 regnum
239 2485 339 2530 meum
353 2471 488 2531 futurum
503 2484 607 2544 spero.
630 2469 687 2528 sed
698 2468 725 2528 si
736 2467 825 2528 vobis
841 2467 992 2528 decedere
1006 2467 1079 2527 inde

94 2561 189 2628 atquc
204 2553 358 2614 deducere
373 2553 527 2613 exercitus
541 2551 571 2612 in
587 2551 688 2612 animo
704 2557 765 2625 est,
788 2549 940 2612 neminem
960 2549 1078 2625 dignio-

92 2653 161 2698 rem
176 2653 248 2700 esse
263 2653 302 2698 ex
319 2637 413 2699 sociis
429 2635 554 2711 vestris,
574 2635 627 2710 qui
641 2636 722 2696 bello
739 2653 756 2695 a
771 2635 860 2696 vobis
876 2643 963 2711 parta
977 2633 1078 2710 possi·

95 2724 184 2796 deat,
213 2737 305 2798 quarn
329 2739 378 2783 me
400 2722 503 2782 dicere
523 2719 631 2781 ausim.
666 2728 697 2781 at
716 2721 796 2780 enirn
816 2717 1012 2794 magnificum
1033 2725 1079 2778 est

94 2806 228 2866 liberare
243 2807 380 2868 civitates
394 2821 512 2866 servas.
531 2803 574 2866 ita
586 2803 710 2882 opinor,
725 2803 753 2865 si
762 2803 837 2865 nihil
847 2803 958 2865 hostile
970 2803 1079 2864 adver·

96 2907 153 2952 sus
162 2907 220 2952 ves
235 2892 381 2952 lecerunt.
397 2889 445 2952 sin
457 2888 707 2951 autemrlntioehi
718 2889 814 2966 partis
828 2889 956 2965 luerunt,
966 2895 1079 2965 quanto

96 2983 147 3036 est
159 2981 265 3036 vestra
280 2974 441 3052 prudentia
456 2983 487 3036 et
500 2975 653 3049 aequitate
668 2973 790 3050 dignius
814 2973 909 3035 sociis
923 2975 1003 3034 bene
1017 2989 1079 3032 mc-

95 3059 165 3122 ritis
182 3077 273 3136 quam
289 3059 431 3121 hostibus
444 3075 503 3120 vos
520 3060 721 3130 consuleret‘w‘

181 3143 258 3204 LIV.
283 3145 374 3206 Grata
389 3145 486 3204 oratio
501 3145 583 3218 regis
599 3144 736 3219 patribus
752 3144 823 3213 luit;
838 3149 869 3202 et
882 3143 971 3202 laoile
986 3155 1079 3214 appa·

95 3227 186 3290 rebat
198 3229 342 3291 munifice
358 3229 460 3290 omnia
474 3235 506 3289 at
521 3243 677 3304 propenso
701 3229 801 3289 animo
817 3229 962 3287 tacturos.
991 3224 1081 3283 inter-

96 3311 201 3386 posita
218 3309 459 3392 Smyrnaeorum
473 3313 577 3374 brevis
593 3313 703 3388 legatio
719 3319 781 3386 est,
807 3307 879 3386 quia
899 3323 961 3368 non
977 3308 1083 3368 aderat

99 3395 226 3468 quidam
237 3398 436 3460 Rhodiorum.
459 3397 640 3460 collaudatis
656 3396 779 3472 egregie
793 3389 982 3473 Smyrnaeis,
999 3391 1081 3467 quod

99 3481 203 3542 omnia
217 3482 322 3543 ultima
338 3483 399 3559 pati
416 3498 507 3558 quam
523 3497 558 3542 se
572 3481 637 3556 regi
653 3482 773 3542 tradere
787 3478 975 3553 maluissent,
990 3475 1083 3536 intro-
