2480 3904
182 277 248 342 230
353 275 468 336 LIBER
481 271 615 334 XXXVI.
641 268 724 332 CAP-
738 277 781 329 10.
804 273 840 341 [a.
853 271 889 327 U.
901 288 925 323 a.
937 269 1000 335 est]

184 430 312 508 adgredi
332 428 470 490 Larisam
490 419 660 494 constituit,
682 426 768 482 ratus
787 418 837 478 vel
859 424 977 478 terrore
997 420 1165 475 ceterarum

183 519 426 592 expugnatarum
436 511 487 572 vel
497 504 649 570 beneflcio
664 501 813 580 praesidii
825 500 945 564 dimissi
958 499 1009 560 vel
1023 499 1165 574 exemplo

182 607 227 662 tot
241 596 406 660 civitatium
417 592 593 656 dedentium
607 604 680 652 sese
690 604 754 650 noa
764 587 844 649 ulma
853 586 885 646 in
899 583 1070 661 pertinacia
1083 598 1166 643 man-

184 699 286 746 suros.
316 677 489 756 elephantis
515 674 566 752 agi
590 682 662 736 ante
687 671 776 749 sima
798 671 925 733 terrons
952 684 1050 730 causa
1074 667 1166 730 iussis

185 764 335 844 quadrato
351 763 473 840 mutim
487 762 528 823 ad
539 759 647 820 urbem
657 757 799 832 incessit,
812 761 847 817 ut
861 753 969 816 lacera
982 751 1167 815 fluctuaren-

182 861 232 914 tur
245 847 338 912 animi
351 861 481 923 maguae
502 842 600 923 partis
614 841 830 904 Larisaeorum
850 839 928 900 inter
948 845 1064 900 metum
1081 851 1168 914 prae·

184 942 302 997 sentem
314 932 450 995 hostiam
464 938 496 994 at
508 927 727 991 verecundiam
738 925 911 988 absentium
923 923 1092 984 sociorum.
1115 936 1170 998 per

184 1019 312 1081 eosdem
326 1017 394 1080 dies
409 1014 611 1096 Amynander
631 1027 701 1073 cum
720 1010 926 1073 Athamanum
946 1008 1106 1068 iuventute
1119 1021 1171 1066 ec·

185 1109 279 1179 cupat
291 1101 492 1175 Pellinaeum,
512 1105 546 1161 et
557 1097 723 1173 Menippus
742 1111 814 1158 cum
832 1093 931 1156 tribus
944 1092 1070 1153 milibus
1085 1091 1171 1166 pedi-

183 1195 248 1250 tum
262 1186 442 1248 Aetolorum
455 1191 487 1245 et
501 1181 641 1246 ducentis
657 1180 811 1257 equitibus
825 1178 857 1241 in
866 1176 1086 1239 Perrhaebiam
1100 1192 1171 1252 pro·

185 1272 286 1332 iectus
300 1269 463 1332 Malloeam
482 1274 514 1329 et
528 1266 667 1347 Cyretias
682 1266 713 1326 vi
733 1265 831 1340 cepit,
851 1271 884 1326 et
896 1262 1112 1338 depopularis
1126 1267 1173 1322 est

184 1371 293 1432 agrurn
299 1353 527 1429 Tripolitanum.
542 1351 591 1412 his
597 1349 709 1425 raptim
720 1347 855 1426 peractis
862 1347 1003 1409 hasam
1014 1347 1056 1407 ad
1066 1361 1172 1422 regem

184 1439 329 1508 redeunt:
352 1434 551 1508 consultanti,
570 1435 716 1510 quidnam
731 1433 886 1509 agendum
899 1433 940 1492 de
954 1431 1065 1492 Larisa
1077 1438 1172 1504 esset,

185 1527 438 1596 supervenerunt
461 1519 503 1580 ibi
517 1519 548 1578 in
563 1518 720 1579 diversum
737 1517 906 1580 sententiae
919 1516 1089 1577 tendebant
1104 1513 1172 1576 aliis

183 1606 246 1665 vim
265 1603 466 1666 adferendam
486 1609 518 1662 et
537 1617 597 1662 non
625 1601 828 1665 differendam
855 1599 1072 1674 censentibus,
1098 1600 1172 1675 quin

185 1688 332 1763 operibus
346 1702 385 1746 ac
399 1685 548 1746 machinis
563 1683 654 1748 simul
667 1685 805 1762 undique
819 1685 943 1746 moenia
962 1685 1171 1760 adgrederen-

183 1777 233 1832 tur
246 1770 331 1831 urbis
347 1770 422 1832 sitae
433 1769 464 1830 in
476 1771 586 1846 plano,
601 1777 727 1846 apertae
739 1769 904 1846 campestri
915 1769 1057 1844 undique
1068 1767 1170 1836 aditu;

185 1855 252 1916 aliis
268 1870 350 1916 nunc
364 1855 447 1916 vires
461 1855 546 1916 urbis
558 1871 755 1931 nequaquam
766 1853 873 1914 Pheris
886 1853 1099 1916 contuendae
1111 1867 1171 1912 rne-

185 1939 391 2015 morantibus,
416 1954 497 2000 nunc
511 1939 642 2000 hiemem
662 1946 694 2000 et
712 1945 835 2014 tempus
857 1938 930 1999 anni
951 1938 1027 1998 nulli
1042 1935 1172 1997 bellicae

185 2024 244 2102 rei,
260 2023 383 2086 minirne
397 2023 551 2087 obsidioni
572 2031 664 2100 atque
679 2022 901 2098 oppugnationi
915 2023 1039 2084 rubium
1056 2027 1172 2099 aptum.

153 2139 155 2144 v
185 2111 302 2171 incerto
323 2110 388 2184 regi
409 2109 488 2168 inter
508 2123 597 2182 spem
616 2112 792 2183 metumque
812 2107 904 2182 legati
920 2106 1103 2168 aPharsnio
1122 2108 1173 2180 qui

185 2193 226 2253 ad
240 2193 414 2253 dedendam
427 2191 533 2251 urbem
549 2207 637 2252 suam
651 2191 730 2252 forte
748 2198 912 2265 venerant,
934 2191 1057 2252 animos
1077 2203 1173 2249 auxe-

186 2282 265 2336 runt.
287 2275 327 2336 Μ.
339 2275 473 2336 Baebius
487 2275 606 2336 interim
620 2290 690 2336 cum
699 2273 841 2352 Philippo
852 2276 884 2336 in
894 2275 1083 2348 Dassaretiis
1100 2289 1173 2334 con-

186 2374 316 2434 gressus
328 2359 387 2434 Ap.
400 2359 558 2420 claudium
569 2376 610 2420 ex
622 2359 774 2420 communi
785 2360 915 2422 consilio
927 2360 968 2421 ad
981 2357 1174 2435 praesidium

186 2443 312 2504 Larisae
332 2443 429 2519 misit,
449 2444 502 2520 qui
522 2459 579 2520 per
591 2443 805 2505 Macedoniam
824 2443 945 2520 magnis
965 2443 1130 2504 itineribus
1144 2442 1174 2500 in

187 2527 292 2604 iugum
307 2528 469 2601 montium,
488 2529 572 2605 quod
586 2543 680 2604 saper
693 2528 821 2590 Gonnos
831 2536 895 2602 est,
910 2527 1063 2605 peruenit.
1083 2526 1172 2601 appi·

189 2613 262 2674 dum
275 2613 374 2675 Gonni
388 2613 492 2688 viginti
507 2613 589 2674 milia
602 2613 642 2673 ab
652 2613 760 2672 Larisa
770 2612 874 2688 abest,
888 2613 920 2672 in
936 2612 1015 2688 ipsis
1029 2611 1174 2673 faucibus

189 2698 301 2771 saliae,
319 2713 399 2776 quae
412 2699 526 2773 Tempe
540 2697 749 2773 appellantur,
771 2697 871 2760 sinna.
903 2697 946 2758 ibi
963 2704 1067 2758 casua
1081 2705 1172 2755 meta·

187 2788 237 2841 tas
253 2782 344 2840 latius
361 2796 453 2854 quam
466 2795 523 2855 pro
539 2779 654 2856 copiis,
675 2789 706 2841 et
724 2781 830 2856 plures
852 2795 945 2856 quant
961 2788 1038 2856 quot
1052 2779 1130 2842 satis
1144 2780 1171 2837 in

189 2878 278 2922 asum
293 2871 379 2922 erant
392 2863 480 2936 ignes
495 2879 563 2925 erun
578 2865 787 2939 accendisset,
809 2865 947 2940 speciem
969 2879 1065 2940 quam
1079 2879 1172 2940 quae·

189 2946 283 3006 sierat
303 2946 383 3006 hosti
405 2946 490 3021 iecit,
516 2961 639 3008 omnem
658 2948 700 3008 ibi
719 2949 892 3009 Romanum
910 2949 1084 3010 exercitum
1105 2961 1172 3008 cunr

187 3043 262 3102 rege
282 3029 423 3106 Philippo
445 3045 526 3092 esse.
559 3031 663 3108 itaque
686 3032 817 3094 hiemem
841 3033 957 3094 instare
976 3033 1072 3108 apud
1098 3047 1170 3092 suos

188 3121 335 3177 causatus
349 3131 419 3190 rex,
441 3132 536 3177 unam
557 3124 672 3179 tanturn
691 3124 828 3179 moratus
849 3117 930 3178 diem
949 3117 989 3177 ab
1003 3117 1115 3178 Larisa
1126 3130 1170 3175 re-

189 3197 284 3259 cessit
298 3205 329 3262 et
341 3200 566 3263 Demetriadem
585 3200 679 3273 redit;
701 3201 867 3278 Aetolique
886 3207 917 3265 et
929 3201 1123 3264 Athamanes
1142 3199 1169 3258 in

189 3298 265 3344 suos
285 3293 471 3361 receperunt
490 3301 526 3347 se
546 3286 635 3348 lines.
666 3286 789 3362 Appius
804 3285 879 3360 etsi,
900 3286 991 3349 cuius
1011 3286 1058 3348 rei
1078 3299 1168 3347 causa

188 3366 303 3429 missus
319 3375 400 3446 erat,
424 3371 555 3432 solutam
573 3370 720 3433 cernebat
741 3370 949 3446 obsidionem,
971 3379 1077 3433 tamen
1092 3369 1165 3430 Lari·

190 3463 256 3506 sam
272 3451 311 3510 ad
326 3453 555 3516 confirmandos
574 3457 604 3515 in
625 3454 778 3530 reliquum
800 3455 957 3516 sociorum
978 3455 1101 3517 animos
1121 3453 1166 3514 de·

189 3531 325 3604 scendit;
349 3536 526 3612 duplexque
539 3538 652 3600 laetitia
665 3545 745 3613 erat,
761 3539 848 3614 qaod
859 3546 889 3600 et
902 3539 1010 3600 hostes
1025 3551 1167 3602 excesse
