2482 3900
83 147 85 152 ⁵
184 193 224 262 aa
330 191 563 254 umaaxxxr.
587 189 670 250 oar.
687 197 730 251 ra.
746 197 788 250 lt.
812 188 848 266 [a.
865 192 899 245 u.
914 211 938 248 ο.
954 189 1016 268 ssa]

183 355 238 420 tes,
257 343 368 422 quibus
384 359 423 404 ex
439 341 579 418 pecunia,
596 325 688 418 'aquam
703 341 744 400 M.
756 341 881 402 Valerio
896 341 937 401 M.
950 341 1078 404 Claudio
1089 349 1168 408 'cou-

182 429 301 493 suhbus
316 435 450 488 mutuam
464 425 628 498 dederant,
649 425 737 488 tertia
750 424 861 500 pensio
878 426 1047 488 debebatur
1059 443 1098 488 eo
1113 444 1167 487 an·

182 531 232 587 no,
248 511 389 574 adierant
404 517 553 583 senatum,
570 509 642 586 quia
658 510 813 584 consules,
835 525 904 570 eum
919 510 959 570 ad
974 527 1088 572 novum
1102 511 1168 570 bel-

182 599 252 669 lum,
270 595 354 671 quod
369 609 479 670 magna
493 595 594 655 classe
605 593 787 669 magnisque
800 591 986 654 exercitibus
998 595 1169 669 gerendum

182 687 283 752 esset,
311 676 362 738 vix
377 676 528 739 aerarium
543 677 715 750 sufficeret,
742 685 930 753 negaverant
944 691 1016 738 esse
1030 677 1113 738 unde
1129 678 1169 738 iis

182 763 213 824 in
230 760 405 839 praesentia
421 763 601 822 solveretur.
624 769 751 822 senatus
767 769 931 836 querentes
947 777 1003 822 eos
1018 777 1081 822 uon
1098 778 1167 823 sus-

182 846 284 912 tinuit.
308 845 335 906 si
355 845 386 905 in
403 844 549 906 Punicum
569 845 684 906 bellum
698 844 832 920 pecunia
853 845 924 905 data
943 843 974 904 in
988 845 1168 907 Macedoni·

183 947 252 992 cum
268 946 394 1005 quoque
408 929 521 991 bellum
540 928 584 990 uti
604 944 655 990 res
676 927 800 1004 publica
816 929 921 1000 vellet,
947 927 1015 988 aliis
1037 945 1077 990 ex
1097 928 1168 990 aliis

183 1013 352 1075 orientibus
366 1011 456 1074 bellis
472 1011 545 1088 quid
560 1011 644 1072 uliud
660 1028 752 1088 quam
767 1011 961 1088 publicatam,
978 1029 1034 1087 pro
1049 1012 1167 1074 benefi-

183 1098 232 1160 cio
248 1105 404 1173 tamquam
426 1097 465 1158 ob
482 1095 622 1170 noxiam,
644 1112 732 1156 suam
752 1095 915 1172 pecuniam
936 1097 1012 1158 lore.
1048 1112 1119 1157 cum
1137 1104 1169 1158 et

182 1179 294 1258 privati
306 1197 438 1258 aequum
446 1181 644 1256 postularent,
652 1187 818 1241 nectumen
826 1180 976 1242 solvendo
988 1178 1052 1240 acri
1064 1180 1168 1242 alieno

182 1282 234 1327 res
255 1264 380 1342 publica
401 1273 500 1340 esset,
527 1265 612 1340 quod
632 1263 765 1324 medium
791 1264 870 1324 inter
888 1280 1022 1340 aequum
1042 1271 1073 1325 et
1092 1264 1169 1326 utile

183 1357 263 1423 erat,
278 1349 495 1421 decreverunt,
510 1358 557 1419 ut,
575 1347 720 1424 quoniam
735 1363 845 1422 magna
859 1364 932 1422 pars
948 1363 1053 1408 eorum
1072 1363 1167 1423 agros

184 1435 276 1506 vulgo
293 1434 418 1492 venales
434 1447 505 1491 esse
521 1429 637 1492 diceret
658 1439 689 1490 et
708 1430 830 1492 sibimet
851 1429 962 1508 emptis
983 1448 1062 1508 opus
1082 1447 1168 1504 esse,

183 1515 248 1591 agri
262 1513 386 1590 publici,
403 1513 456 1588 qui
470 1513 548 1574 intra
563 1513 850 1590 quinquagesimum
862 1514 995 1591 lapidem
1007 1523 1099 1588 esset,
1113 1530 1166 1576 co
1206 1563 1209 1571 .

185 1599 234 1677 pia
249 1597 287 1658 iis
302 1597 398 1658 lieret.
435 1598 580 1658 consules
595 1615 702 1674 agrum
716 1597 947 1672 aestimaturos,
970 1607 1000 1660 et
1015 1598 1044 1658 in
1060 1598 1169 1675 iugera

182 1697 272 1743 asses
287 1681 464 1757 vectigales,
478 1681 612 1742 testandi
626 1697 721 1743 causa
733 1681 887 1759 publicum
900 1699 1005 1758 agrum
1018 1699 1099 1757 esse,
1112 1681 1164 1742 im·

184 1764 356 1842 posituros,
370 1771 404 1826 ut
418 1763 444 1826 si
461 1764 546 1841 quis,
561 1781 631 1826 cum
646 1768 768 1827 solvere
783 1774 891 1842 posset
904 1768 1055 1842 populna,
1072 1781 1168 1842 pecu-

183 1848 262 1910 niam
276 1849 391 1910 habere
407 1865 498 1925 quam
518 1865 624 1925 agrum
639 1851 755 1921 mallet,
782 1849 956 1913 restitueret
980 1867 1086 1926 agrum
1111 1867 1168 1926 po·

182 1934 265 2010 pulo.
301 1932 372 1994 laeti
388 1949 455 1994 eam
477 1933 690 1995 condicionem
712 1932 823 2010 privati
844 1949 1004 2010 accepere.
1045 1933 1168 1994 trienta-

151 2071 153 2078 ,
181 2017 347 2093 bulumque
362 2015 389 2078 is
404 2033 492 2093 ager,
516 2017 587 2093 quia
606 2035 663 2094 pro
686 2017 773 2080 tertia
794 2026 882 2094 parte
903 2017 1053 2095 pecuniae
1077 2019 1168 2078 datus

182 2109 255 2174 erat,
272 2101 454 2176 appellatus.

260 2185 341 2245 XlV.
363 2185 438 2244 Tum
452 2184 484 2244 P.
500 2183 656 2261 Sulpicius
679 2187 850 2246 seeundum
873 2194 944 2247 vota
963 2186 994 2246 in
1016 2183 1168 2262 Capitolio

183 2277 359 2342 nuncupata
384 2269 547 2344 paludatus
568 2285 637 2330 cum
659 2267 817 2330 lictoribus
843 2271 1001 2345 proiectus
1026 2270 1067 2330 ab
1091 2269 1169 2330 urbe

182 2351 378 2413 Brundisium
403 2351 502 2429 venit,
531 2360 561 2413 et
584 2352 739 2416 veteribus
765 2352 909 2416 militibus
930 2351 1111 2416 voluntariis
1127 2369 1169 2412 ex

182 2435 326 2498 Africano
342 2435 479 2498 exercitu
499 2436 530 2497 in
552 2437 690 2512 legiones
712 2435 885 2512 discriptis,
910 2437 1106 2513 navibusque
1127 2449 1168 2497 ex

182 2521 282 2581 classe
294 2519 431 2583 consulis
441 2520 572 2584 cornelii
587 2522 702 2594 clectis,
718 2523 813 2584 altero
830 2521 880 2583 die
896 2539 987 2598 quam
1002 2539 1021 2583 a
1034 2519 1168 2582 Brundi·

182 2602 229 2667 sio
245 2604 350 2680 solvit,
374 2604 405 2665 in
420 2605 633 2668 Macedoniam
647 2605 774 2668 traiecit.
810 2603 853 2666 ibi
875 2604 903 2666 ei
928 2613 1053 2682 praesto
1080 2605 1169 2665 fuere

180 2687 414 2750 Atheniensium
439 2691 530 2766 legati
552 2699 690 2763 oranteS,
719 2698 752 2750 ut
777 2706 812 2750 se
830 2688 993 2752 obsidione
1008 2687 1169 2750 eximeret.

180 2770 295 2832 missus
320 2774 475 2847 extemplo
497 2773 635 2834 Athenas
657 2780 704 2834 est
718 2772 749 2832 C.
766 2773 910 2835 Claudius
927 2774 1020 2835 Cento
1037 2789 1108 2834 eum
1122 2770 1169 2831 vi·

181 2853 255 2929 giuti
275 2853 375 2930 longis
397 2854 528 2916 navibus
549 2864 578 2916 et
592 2853 673 2916 mille
688 2855 824 2918 militum.
863 2874 965 2934 neque
991 2856 1072 2918 enim
1098 2856 1169 2932 ipse

179 2953 237 2997 rex
251 2939 390 3000 Athenas
407 2937 582 3000 obsidebat:
598 2956 636 2999 eo
652 2940 784 3001 maxime
798 2949 937 3017 tempore
948 2941 1094 3020 Abydum
1111 2957 1168 3014 op·

180 3023 353 3098 pugnabat,
378 3023 437 3083 iam
453 3039 522 3084 cum
541 3022 671 3084 Rhodiis
687 3031 718 3084 et
730 3025 832 3086 Attalo
849 3023 1010 3086 navalibus
1026 3022 1167 3086 certami-

178 3107 247 3181 bus,
264 3115 372 3170 neutro
388 3105 517 3168 feliciter
529 3105 658 3183 proelio,
674 3107 756 3170 vires
773 3117 930 3184 expertus.
966 3109 1021 3170 sed
1043 3107 1167 3168 animos

179 3190 207 3253 ei
231 3191 362 3252 iaciebat
381 3199 505 3268 praeter
523 3191 669 3253 ferociam
692 3190 815 3254 insitam
840 3193 951 3254 foedus
976 3191 1071 3254 ictum
1097 3207 1167 3252 cum

179 3273 332 3336 Antiocho
358 3273 467 3354 Syriae
492 3291 566 3352 rege
592 3275 774 3353 divisaeque
797 3277 858 3338 iam
879 3293 948 3338 cum
969 3293 1007 3338 eo
1027 3273 1168 3354 Aegypti

180 3374 265 3432 opeS,
281 3359 330 3420 eni
345 3368 441 3422 morte
456 3359 560 3421 audita
572 3359 738 3422 Ptolemaei
753 3359 835 3437 regis
851 3361 941 3421 ambo
956 3357 1167 3421 imminebant

179 3450 395 3504 contraxerant
406 3450 506 3504 autem
522 3443 581 3505 sibi
596 3461 664 3505 eum
676 3443 816 3520 Philippo
831 3443 944 3507 bellum
956 3441 1166 3506 Athenienses
