2482 3900
206 159 248 221 co
369 155 615 216 praealtum.
640 153 780 216 carm.
805 161 841 230 tu·
858 159 892 212 u.
909 159 1013 228 aaa]

203 319 262 372 tem
278 307 475 386 Cyparissiae
493 305 662 366 Charitelen
686 313 791 368 eontra
810 306 858 366 ius
880 321 970 366 omne
990 321 1027 365 ac
1041 307 1088 366 las
1103 306 1183 366 inter

202 393 309 468 epulas
324 405 423 466 prope
437 390 522 464 ipsas
538 389 689 463 occisum,
705 396 735 450 ct
748 390 875 449 Aratum
891 395 1008 464 patrem
1023 389 1183 466 liliumque

202 474 376 554 Sicyonios,
394 489 461 532 cum
477 488 582 532 senem
592 474 743 532 infelicem
753 479 910 548 parentem
923 473 1012 532 etlam
1024 475 1183 548 appellare

202 561 311 620 solitus
335 563 433 629 esset,
454 557 647 629 interlectoS,
669 555 870 634 Polycratiam
889 557 956 616 eius
972 573 1101 617 uxorem
1115 558 1181 617 libi·

201 643 281 702 dinis
307 655 402 701 causa
427 639 457 698 in
476 639 687 699 Macedoniam
714 645 918 714 asportatam
952 647 1053 700 cetera
1074 648 1182 714 stupra

200 725 351 800 uirginum
376 730 641 798 matronarumque
663 723 808 784 oblivioni
831 723 955 784 dentur:
989 723 1090 784 nesii
1113 741 1181 785 cum

203 808 343 883 Philippo
358 821 425 880 res,
448 807 535 866 cuius
552 807 737 866 crudelitatis
752 813 834 866 metu
849 807 1040 866 obmutuistis
1055 823 1182 868 omnosz

199 925 241 936 -
256 908 326 950 nam
349 905 428 966 quae
449 890 507 948 alia
527 889 648 949 tacendi
670 890 827 950 advocatis
849 891 881 949 in
904 891 1063 952 concilium
1085 905 1184 952 causa

202 982 322 1035 estl-
337 989 404 1033 cum
419 973 584 1048 Antigono,
599 973 759 1034 mitissimo
774 989 810 1033 ac
825 973 992 1034 iustissimo
1007 989 1082 1048 rege
1096 981 1128 1033 ct
1143 977 1182 1034 de

201 1059 291 1119 nobis
305 1055 446 1118 omnibus
458 1056 571 1132 optime
582 1057 697 1131 merito,
706 1057 914 1118 existimemus
928 1058 1180 1132 disceptationem

200 1158 286 1202 esse:
308 1157 379 1200 num
394 1141 425 1199 id
437 1142 606 1214 postularet
617 1141 718 1199 lacere
731 1157 789 1201 nos
803 1142 886 1214 quod
898 1140 964 1200 fleri
977 1157 1036 1202 non
1049 1149 1182 1216 posset?

138 1269 141 1276 ⁴
200 1225 382 1301 paeninsula
405 1231 452 1284 est
471 1223 720 1298 Peloponnesus,
746 1225 884 1298 angustis
906 1223 1011 1284 lstitmi
1036 1225 1181 1285 faucibus

201 1308 365 1370 continenti
386 1307 574 1382 adhaereas,
599 1308 673 1366 nulli
692 1307 827 1382 apertior
851 1323 951 1382 neque
978 1311 1179 1382 opportunior

202 1409 291 1467 quam
314 1391 415 1451 nauali
437 1392 528 1450 bello.
562 1391 588 1450 si
604 1397 724 1451 centum
745 1397 844 1450 tectae
865 1407 960 1450 naves
984 1398 1014 1451 et
1029 1391 1181 1468 quinqua-

200 1478 283 1550 ginta
304 1475 435 1534 letu'orcs
457 1479 581 1548 apertae
597 1480 627 1532 et
640 1474 762 1548 triginta
775 1473 881 1534 Issaici
896 1475 986 1534 lembi
1000 1477 1179 1536 maritimam

200 1575 284 1621 oram
304 1565 423 1616 vastare
445 1562 474 1615 et
488 1557 646 1630 expositas
669 1573 767 1632 prope
782 1558 811 1616 in
827 1558 904 1633 ipsis
931 1559 1070 1619 litoribus
1084 1560 1181 1620 urbes

201 1641 357 1716 coeperint
372 1655 561 1714 oppugnare,
582 1641 612 1698 in
627 1639 865 1702 mediterraneas
881 1642 998 1702 scilicet
1013 1659 1070 1704 nos
1084 1643 1183 1704 urbes

196 1724 399 1798 recipiemus,
421 1731 573 1798 tamquam
597 1741 658 1784 non
681 1725 824 1785 intestino
846 1733 876 1785 et
890 1725 1034 1786 haerente
1056 1727 1086 1786 in
1102 1727 1183 1802 ipsis

161 1825 167 1834 ·
200 1807 369 1868 visceribus
381 1821 505 1866 uramur
516 1807 612 1868 bellot
629 1824 697 1867 cum
708 1809 887 1869 terraNabis
899 1809 1183 1882 etLacedaemonii,

198 1893 272 1951 mari
288 1892 397 1951 classis
408 1891 547 1952 Romana
562 1892 721 1966 urgebunt,
737 1893 819 1952 uude
832 1893 948 1965 regiam
959 1893 1138 1954 societatem
1151 1903 1184 1952 et

198 1975 401 2036 Macedonum
423 1975 580 2050 praesidia
600 1975 780 2050 implorem?
810 1991 849 2034 an
870 1975 928 2050 ipsi
951 1977 1065 2036 nostris
1086 1979 1182 2036 armis

199 2060 237 2119 ab
252 2059 342 2119 hoste
352 2061 491 2120 Romano
507 2058 671 2119 tutabimur
685 2060 787 2132 arbee,
805 2073 885 2133 quae
900 2061 1183 2134 oppugnabantur

198 2143 321 2217 egregie
343 2144 422 2202 caim
437 2143 553 2219 Dymas
568 2142 672 2218 priore
686 2143 767 2202 bello
783 2145 1004 2203 semustulati!
1035 2145 1112 2204 satis
1128 2160 1183 2204 ex-

199 2228 368 2300 emplorum
388 2226 477 2285 nobis
493 2224 612 2285 alienae
628 2226 733 2286 clades
747 2227 908 2302 praebent,
932 2243 970 2286 ne
985 2243 1182 2302 quaeramus,

199 2323 288 2384 quem
305 2310 343 2368 ad
359 2310 482 2368 modum
496 2311 606 2370 ceteris
619 2311 759 2384 exemplo
772 2312 875 2369 simus.
899 2311 1000 2385 nolite,
1017 2312 1090 2386 quia
1101 2315 1183 2372 uitro

196 2391 326 2456 Romani
349 2399 456 2467 petunt
477 2393 653 2466 amicitiam,
679 2394 710 2452 id
734 2394 817 2468 quod
841 2396 1007 2468 optandum
1028 2396 1120 2456 vobis
1145 2413 1183 2456 ac

198 2492 392 2550 summopere
408 2477 572 2551 petendum
587 2484 660 2551 erat,
676 2477 821 2537 fastidire.
845 2485 927 2538 metu
941 2478 1021 2538 enim
1036 2479 1183 2539 videlicet

197 2561 348 2636 compulsi
360 2567 390 2620 et
402 2561 545 2635 deprensi
557 2562 587 2620 in
600 2561 700 2620 aliena
711 2568 800 2633 terra,
814 2561 885 2636 quia
898 2562 955 2624 sub
966 2561 1075 2622 umbra
1086 2565 1182 2622 vestri

197 2645 300 2705 auxilii
322 2647 417 2704 latere
440 2647 559 2719 volunt,
582 2645 611 2703 in
636 2645 813 2705 societatem
837 2651 968 2704 vestram
991 2647 1182 2722 confugiunt,

198 2735 229 2787 ut
245 2729 383 2801 portibus
406 2729 517 2786 vestris
536 2729 737 2802 recipiantur,
759 2735 792 2790 ut
807 2729 1025 2788 commeatibus
1041 2736 1182 2790 utantur!

197 2825 279 2868 mare
294 2811 323 2868 in
341 2817 490 2884 potestate
505 2810 629 2882 babent,
645 2817 749 2880 terras,
767 2809 976 2884 quascumque
988 2813 1112 2887 adeunt,
1128 2831 1183 2873 cx·

198 2895 309 2966 templo
333 2892 462 2954 dicionis
487 2909 563 2953 suae
579 2894 705 2954 iaciunt:
733 2896 816 2970 quod
830 2903 954 2971 rogant,
978 2911 1092 2972 cogere
1107 2913 1183 2972 poe

198 2985 284 3044 sunt;
315 2977 386 3050 quia
407 2977 586 3052 pepercisse
603 2979 689 3039 vobis
705 2981 825 3052 volunt,
849 2979 1036 3040 committere
1051 2997 1111 3042 vos
1128 2997 1184 3042 cur

198 3061 329 3134 porcella
345 3077 406 3121 non
422 3061 584 3135 patiuntur.
610 3079 679 3123 nam
696 3064 778 3138 quod
795 3064 978 3123 Cleomedon
995 3065 1090 3125 modo
1105 3073 1182 3125 tanr-

198 3159 288 3218 quam
309 3145 439 3204 mediam
455 3152 485 3204 et
501 3146 680 3207 tutissimam
696 3147 784 3207 vobis
798 3147 879 3206 viam
895 3146 1030 3222 consilii,
1045 3155 1081 3208 ut
1095 3150 1184 3224 quic-

196 3229 323 3288 sceretis
345 3229 602 3305 abstineretisque
618 3231 724 3304 armiS,
739 3231 934 3304 ostendebat,
951 3247 987 3290 ca
1002 3247 1064 3291 non
1080 3233 1185 3293 media

196 3311 251 3370 sed
264 3313 346 3370 nulla
358 3313 406 3372 via
418 3319 473 3373 est.
490 3315 600 3374 etenim
612 3320 824 3390 praeterquam
839 3314 923 3388 quod
935 3321 987 3374 aut
998 3315 1186 3390 accipienda

195 3402 247 3452 aut
258 3397 432 3468 spernenda
445 3397 679 3457 vobisiiomana
690 3399 822 3458 societas
835 3404 890 3471 est,
904 3397 976 3473 quid
989 3397 1074 3458 aliud
1088 3415 1184 3474 quam
