2482 3902
156 238 217 302 158
330 235 591 296 rruurrxxxrv.
615 235 752 298 cnam.
776 241 857 310 [ao.
872 241 970 308 asso]

155 391 248 452 modo
264 388 383 450 consilii
397 389 454 450 sed
469 387 519 446 vix
533 387 645 448 mentis
661 403 789 464 compos
804 394 897 449 esset.
923 385 1055 450 XXXIX.
1077 389 1145 452 Ro

155 489 263 538 manos
278 473 376 549 primo
391 471 584 532 sustinebant
598 472 628 531 in
644 473 792 548 angustiis
807 471 1057 548 Lacedaemonii,
1081 479 1147 534 ter-

156 573 276 634 naeque
297 557 380 616 acies
396 563 536 632 ternpore
549 571 612 616 uno
627 556 705 617 locis
720 557 851 618 diversis
867 558 1062 633 pugnabant3
1088 558 1147 618 de·

155 643 226 704 inde
247 647 406 702 crescente
426 641 593 701 certamine
613 657 809 717 nequaquam
827 647 892 702 erat
907 641 1057 719 proelium
1074 659 1148 718 par.

155 727 322 788 missilibus
341 725 421 785 enim
435 725 670 786 Lacedaemonii
685 726 876 803 pugnabant,
896 726 1044 802 aquibus
1059 742 1099 787 se
1115 735 1149 789 et

155 811 362 888 magnitudine
383 811 461 871 sculi
483 809 629 887 perfacile
644 811 801 872 Romanus
821 809 963 872 tuebatur
982 810 1091 886 miles,
1115 819 1148 872 et

155 897 240 972 quod
251 895 301 956 alii
311 893 383 954 vani
396 895 445 954 alii
458 896 542 955 leves
556 895 721 956 admodum
733 895 810 956 ictus
818 900 912 955 erant.
928 910 999 956 narn
1010 902 1148 971 propter

155 980 312 1056 angustias
334 980 394 1040 loci
416 979 648 1054 confertamque
666 979 786 1040 turbam
805 995 867 1040 non
886 979 981 1041 modo
997 979 1038 1039 ad
1053 979 1145 1040 emit·

155 1065 248 1126 tenda
262 1079 331 1125 cum
347 1078 508 1140 procursu,
525 1079 586 1139 quo
602 1063 764 1139 plurimum
779 1064 969 1125 concitantur
980 1065 1050 1138 tela,
1067 1079 1145 1140 spa-

156 1151 229 1211 tium
243 1147 411 1221 habebant,
434 1148 491 1208 sed
505 1163 544 1206 ne
558 1154 591 1207 ut
606 1149 645 1208 dc
660 1147 758 1223 gradu
773 1147 897 1223 quidem
911 1148 1007 1208 libero
1024 1163 1061 1208 ac
1078 1156 1142 1210 stu-

154 1233 207 1294 bili
222 1239 412 1294 conarentur.
432 1232 536 1308 itaque
551 1247 590 1292 ex
605 1233 739 1293 adverso
755 1232 850 1293 missa
860 1233 921 1293 tela
932 1233 1015 1293 nulla
1025 1233 1057 1292 iu
1071 1249 1142 1294 cor·
1239 1301 1240 1312 ἵ

155 1318 292 1396 poribus,
308 1333 379 1378 rara
393 1318 422 1378 in
439 1316 536 1378 scutis
551 1315 726 1378 haerebant.
759 1315 797 1376 ab
813 1317 1084 1378 circumstantibus
1100 1332 1144 1377 ex
1239 1315 1240 1378 l

154 1401 366 1480 superioribus
377 1401 454 1463 locis
467 1401 616 1462 vulnerati
625 1402 749 1476 quidam
762 1408 849 1471 sunt;
866 1417 937 1462 mox
949 1415 1143 1477 progressos

155 1489 214 1550 iam
228 1487 318 1547 etiam
333 1501 372 1546 ex
386 1483 474 1546 tectis
490 1501 551 1546 non
567 1487 627 1546 tela
641 1486 733 1546 modo
749 1486 807 1547 sed
823 1487 943 1561 tegulae
955 1501 1084 1562 quoque
1094 1486 1141 1546 in·

156 1571 309 1648 opinantis
321 1571 526 1646 perculerunt.
542 1569 671 1631 sublatis
684 1570 796 1630 deinde
807 1585 904 1647 supra
914 1571 1018 1647 capita
1029 1571 1140 1645 scutis,

155 1655 400 1731 continuatisque
424 1654 465 1716 ita
479 1655 557 1715 inter
571 1669 622 1726 se,
645 1661 750 1715 utnon
765 1655 858 1717 modo
874 1654 914 1716 ud
929 1669 1041 1716 caecos
1056 1655 1140 1716 ictus

155 1741 212 1802 sed
232 1754 271 1799 ne
289 1739 328 1799 ad
349 1739 547 1800 inserendum
568 1738 692 1813 quidem
713 1754 752 1799 ex
771 1741 946 1816 propinquo
967 1742 1062 1800 telum
1076 1739 1140 1800 loci

155 1825 319 1901 quicquam
341 1831 440 1897 esset,
462 1823 615 1885 testudine
637 1825 716 1884 lacta
730 1823 881 1886 subibant.
905 1830 937 1886 et
950 1824 1069 1900 primae
1084 1839 1139 1883 an·

154 1908 273 1985 gustiae
288 1909 462 1984 paulisper,
484 1925 541 1969 suo
554 1908 751 1984 hostiumque
764 1908 894 1969 relectae
908 1908 1011 1980 turba,
1029 1915 1139 1969 tenue

152 1999 237 2055 runl=
266 2000 431 2070 postquam
451 1992 700 2068 inpotentiorem
721 1993 800 2054 viam
820 1993 905 2054 urbis
926 1992 1072 2069 paulatim
1086 2009 1138 2054 uu·-

153 2087 260 2154 gentes
285 2077 406 2139 bostem
430 2091 629 2152 processere,
656 2093 718 2137 non
743 2079 823 2138 ultra
848 2078 893 2138 vis
915 2091 1021 2138 eorum
1042 2085 1138 2154 atque
1238 2075 1239 2156 j

153 2164 284 2238 impetus
306 2160 450 2222 sustineri
475 2167 625 2236 poterant
659 2175 729 2222 cum
751 2169 836 2237 terga
855 2163 1021 2222 vertissent
1039 2162 1136 2222 Lace·

153 2244 306 2306 daemonii
327 2251 358 2304 et
379 2246 450 2319 lbga
471 2243 571 2305 ellusa
592 2245 753 2322 superiora
774 2254 913 2323 peterent
935 2248 1020 2320 loce,
1040 2245 1137 2307 Nabis

154 2328 291 2405 quidem,
312 2336 346 2390 ut
360 2335 451 2404 captu
471 2330 548 2389 urbe
564 2330 737 2406 trepidans,
761 2347 893 2407 quanam
906 2331 976 2408 ipse
990 2331 1136 2391 evaderet

153 2413 436 2490 circumspectabat,
450 2412 642 2490 Pythagoras
657 2430 726 2476 cum
740 2416 780 2475 ad
792 2424 893 2476 cetera
903 2415 1003 2477 animo
1017 2414 1135 2476 oiiicio-

153 2515 213 2576 que
234 2499 322 2560 ducis
344 2497 541 2574 fungebatur,
565 2507 628 2560 tum
647 2515 721 2561 vero
736 2515 816 2560 unus
833 2515 870 2560 nc
886 2508 1046 2577 caperetur
1060 2499 1135 2560 urbs

153 2599 249 2646 causa
270 2583 340 2645 luit:
363 2583 510 2646 succendi
526 2585 607 2646 enirn
622 2584 763 2646 aedilicia
778 2584 918 2660 proxima
932 2601 1018 2644 muro
1034 2583 1134 2645 iussit.

153 2684 234 2744 quae
255 2683 324 2732 cunr
343 2676 497 2732 momento
520 2670 666 2746 temporis
684 2670 848 2742 arsissent,
871 2675 904 2728 ut
918 2667 1134 2730 adiuvantibus

152 2753 254 2826 ignem
279 2752 332 2829 qui
357 2754 434 2814 alias
455 2754 495 2813 ad
521 2756 778 2830 exstinguendum
803 2767 894 2828 opem
918 2753 999 2812 ierre
1024 2754 1133 2828 solent,

151 2851 243 2896 ruere
257 2836 287 2896 in
302 2837 458 2897 Romanos
474 2844 569 2912 tecta,
590 2853 647 2897 nec
665 2841 835 2913 tegularum
855 2837 948 2899 modo
965 2839 1134 2912 fragmenta

153 2920 210 2981 sed
224 2920 315 2980 etiarn
329 2921 470 2982 ambusta
484 2920 567 2995 tigna
582 2922 623 2982 od
634 2930 767 2985 armatos
780 2921 951 3000 pervenire,
967 2929 998 2984 et
1011 2921 1133 2982 flamma

152 3005 212 3065 late
232 3003 332 3078 fundi,
347 3005 457 3066 ¹sumus
478 3011 626 3067 terrorem
640 3007 731 3068 eliam
745 3009 892 3070 maiorem
906 3024 999 3084 quarn
1014 3007 1131 3082 pericu·
1237 3077 1238 3088 ἵ

152 3089 215 3150 lmn
230 3090 340 3151 iacere.
363 3089 466 3166 itaque
480 3095 511 3150 et
525 3091 577 3166 qui
592 3097 680 3152 extra
693 3093 800 3153 urbem
815 3097 902 3154 erant
914 3093 1131 3164 Romanorum,

152 3181 215 3236 turn
229 3175 361 3236 maximo
375 3175 507 3252 impetus
524 3175 685 3250 iacientes,
706 3192 867 3238 recessere
881 3191 901 3236 a
914 3191 1017 3251 muro,
1033 3183 1064 3236 et
1082 3175 1131 3250 qui

153 3259 214 3320 ianr
233 3261 433 3334 intraverant,
455 3274 495 3319 ne
509 3258 651 3320 incendio
666 3261 705 3321 ab
719 3268 805 3336 tergo
821 3261 937 3322 oriente
951 3259 1130 3322 intercludo

152 3352 258 3406 rentur
277 3345 315 3406 ab
338 3347 418 3419 suis,
440 3349 624 3420 receperunt
637 3359 717 3406 seso.
751 3352 782 3406 et
796 3344 953 3419 Quinctius
969 3353 1131 3421 postquam

154 3427 228 3500 quid
242 3431 287 3490 rei
301 3437 386 3492 esset
399 3428 488 3502 vidit,
504 3429 640 3504 receptui
655 3428 878 3490 cauere'iussit.
914 3429 955 3491 ita
967 3429 1029 3491 iarn
1043 3435 1130 3504 capto

154 3523 252 3584 prope
265 3513 341 3572 urbe
355 3511 491 3574 revocati
505 3511 535 3572 in
551 3518 653 3574 castra
665 3513 830 3576 redierunt.

558 3817 597 3858 s
