2482 3900
182 255 223 317 ea
359 250 608 313 umanmrxn.
632 249 714 311 aar.
731 259 756 310 1.
779 250 817 328 [ι.
832 254 868 306 υ.
884 269 908 307 0.
923 247 988 327 sss]

182 408 267 468 deret
287 407 326 465 de
346 404 505 480 provincia
526 405 638 463 multos
660 407 732 477 post
752 416 861 461 annos.
895 400 1003 476 plebes
1020 400 1072 460 Cn.
1089 383 1164 460 Cor·

181 491 262 552 nelio
287 490 414 550 Lentulo
440 495 471 548 et
489 488 522 546 L.
545 486 689 548 Stertinio
710 501 767 561 pro
795 483 974 546 consulibus
1000 483 1165 560 imperium

182 590 253 636 esse
268 573 298 634 in
312 573 462 648 Hispania
475 571 573 632 iussit.

565 745 773 756 .-.u--u—u-—aa—

509 904 649 998 llll
692 902 830 998 llll

460 1056 516 1118 AB
536 1053 655 1118 URBE
677 1053 882 1117 CONDITA

490 1213 499 1228 .
549 1169 661 1234 LIBER
680 1169 800 1233 XXXII.

197 1396 344 1450 EPITOME.
381 1395 515 1461 Complura
532 1393 649 1460 prodigia
667 1408 700 1442 ex
716 1393 823 1443 diversis
841 1390 989 1456 regionibus
999 1391 1113 1440 nuntiata
1121 1407 1166 1441 re-

233 1466 362 1524 feruntur3
380 1466 447 1516 inter
462 1477 537 1526 quae,
556 1465 582 1512 in
601 1462 792 1512 Macedoniam
809 1461 891 1526 puppi
907 1460 999 1526 longae
1016 1460 1086 1509 navis
1105 1459 1165 1510 lau-

230 1549 300 1586 ream
318 1548 375 1584 esse
392 1540 486 1583 natam.
514 1531 542 1581 T.
554 1530 684 1590 Quinctius
701 1529 857 1580 Flamininus
874 1529 963 1579 consul
974 1529 1096 1580 adversus
1103 1529 1166 1580 Phi·

234 1605 331 1670 lippum
348 1602 454 1654 feliciter
470 1601 594 1667 pugnavit
612 1601 638 1648 in
656 1599 771 1649 lancibus
790 1599 874 1665 Epiri,
894 1597 1061 1664 fugatumque
1077 1599 1162 1664 coegi·

232 1673 374 1738 inregnum
391 1672 491 1722 reverti.
519 1671 575 1734 ipse
584 1667 752 1728 Thessaliam,
771 1683 836 1731 quae
852 1673 890 1718 est
897 1668 980 1718 vicina
989 1666 1164 1728 Macedoniae,

232 1742 310 1792 sociis
325 1740 421 1791 Aetolis
440 1747 464 1788 et
474 1737 667 1802 Athamanibus,
685 1740 797 1788 vexant.
825 1737 855 1786 L.
865 1735 997 1795 Quinctius
1006 1736 1165 1786 Flamininus

233 1808 346 1860 consulis
364 1809 441 1860 irater
457 1806 541 1857 Attalo
559 1821 620 1872 rege
638 1813 663 1856 et
678 1805 786 1858 Rhodiis
804 1806 982 1858 adiuvantibus
991 1806 1120 1855 Euboeam
1140 1813 1166 1855 et

231 1879 383 1930 maritimam
400 1893 470 1929 oraru
488 1876 564 1942 cepit.
590 1874 686 1926 Achaei
703 1878 730 1925 in
748 1876 883 1926 amicitiam
901 1876 996 1940 recepti
1014 1883 1084 1924 suut.
1103 1889 1165 1924 con·

231 1947 322 1998 iuratio
340 1961 480 2006 servorum,
500 1945 567 1996 lacta
586 1943 755 1994 decalvandis
765 1943 1010 2010 Carthaginiensium
1021 1943 1165 2009 obsidibus,

232 2029 355 2083 oppressa
376 2023 428 2075 eet;
454 2014 591 2065 duomilia
609 2014 693 2063 necati
708 2021 774 2063 suut.
810 2020 954 2078 praetorum
971 2027 1092 2062 numeras
1109 2027 1165 2062 am-

231 2087 325 2151 pliatus
343 2093 390 2145 est,
407 2092 435 2134 ut
450 2084 505 2133 seui
523 2089 674 2134 crearentur.
706 2080 835 2133 Cornelius
854 2081 986 2148 Cethegus
998 2081 1087 2132 consul
1105 2081 1165 2132 Gal·

230 2156 269 2206 los
286 2155 404 2204 Insubres
421 2151 518 2218 proelio
537 2151 614 2203 fudit.
641 2166 699 2201 oum
708 2151 916 2202 Lacedaemoniis
926 2160 950 2200 et
958 2157 1063 2216 tyranno
1077 2165 1166 2201 eorum

229 2223 327 2274 Nabide
344 2223 456 2274 amicitia
473 2223 559 2272 iuncta
576 2227 622 2271 est.
650 2228 781 2286 praeterea
797 2221 998 2286 expugnationes
1015 2220 1118 2270 urbium
1136 2221 1163 2270 lu

231 2292 381 2343 Macedonia
399 2291 552 2341 referuntur.
941 2308 943 2312 ¹

265 2425 288 2483 l.
318 2423 468 2484 Consules
489 2431 712 2504 praetoresque
733 2442 802 2486 curn
817 2425 919 2484 idibus
935 2423 1051 2484 Martiis
1068 2423 1164 2498 magi-

179 2515 306 2570 stratum
320 2507 458 2584 inissent,
474 2509 649 2584 provincias
665 2511 764 2573 sortiti
779 2515 857 2571 sunt.
881 2508 914 2568 L.
926 2508 1055 2568 Lentulo
1066 2508 1163 2586 italia,

177 2591 210 2652 P.
224 2593 318 2654 Villio
333 2592 530 2664 Macedoniam
554 2594 749 2670 praetoribus
764 2595 797 2654 L.
812 2591 951 2668 Quinctio
965 2593 1092 2667 urbana,
1110 2591 1164 2654 Cn.

177 2676 293 2740 Baebio
314 2677 498 2751 Ariminum,
523 2677 556 2736 L.
571 2679 697 2741 Valerio
719 2678 837 2753 Sicilia,
860 2677 893 2736 L.
908 2677 1001 2744 Villio
1021 2673 1166 2738 Sardinia

179 2761 289 2820 evenit.
322 2761 469 2821 Lentulus
492 2763 601 2821 consul
620 2779 718 2822 novas
741 2763 879 2838 legiones
894 2761 1031 2822 scribere
1045 2760 1164 2834 iussus,

178 2843 288 2904 Villius
304 2842 368 2903 aP.
384 2843 520 2919 Sulpicio
544 2846 711 2908 exercitum
733 2847 891 2923 accipere:
913 2845 943 2906 in
963 2847 1165 2922 supplemen-

178 2933 240 2986 tum
261 2925 343 2998 eius,
371 2933 518 3002 quantum
536 2928 664 2990 militurn
684 2931 854 3005 videretur,
879 2935 914 2990 ut
933 2930 1083 2990 scriberet
1102 2928 1165 3005 ipsi

179 3010 372 3086 permissum.
405 3011 539 3086 praetori
559 3012 675 3075 Baebio
700 3015 839 3090 legiones
861 3031 940 3092 quas
963 3014 994 3074 c.
1016 3012 1165 3073 Aurelius

179 3096 288 3156 consul
302 3094 462 3156 habuisset
474 3096 516 3156 ita
531 3096 681 3175 decretae,
697 3106 731 3159 ut
741 3100 884 3159 retineret
894 3114 957 3172 eas,
974 3099 1074 3158 donec
1088 3113 1164 3158 oon·

130 3187 133 3197 “
179 3180 227 3240 sul
245 3195 327 3241 novo
350 3195 419 3241 cum
441 3182 577 3242 exercitu
592 3184 788 3253 succederem
812 3184 843 3242 in
859 3182 987 3244 Galliam
1000 3181 1053 3242 ubi
1068 3181 1095 3240 is
1109 3196 1165 3241 ve-

178 3263 290 3340 nisset,
316 3280 423 3326 omnes
447 3265 557 3327 milites
583 3266 772 3329 exauctorati
797 3268 921 3329 domum
942 3266 1166 3326 dimitterentur

178 3357 298 3418 praeter
313 3349 450 3425 quinqua
463 3349 546 3412 milia
557 3351 690 3412 socium=
705 3351 742 3413 iis
758 3351 887 3412 obtineri
900 3350 981 3410 circa
991 3349 1166 3410 Ariminum

179 3433 369 3505 provinciam
384 3433 460 3494 sutis
475 3449 556 3534 esse.
577 3444 776 3511 prorogatum
791 3435 951 3510 imperium
966 3434 1164 3509 praetoribus

178 3515 288 3590 prioris
304 3518 384 3592 anni,
401 3517 433 3579 c.
446 3517 563 3596 Sergio,
579 3527 614 3581 ut
626 3518 779 3590 militibus.
793 3519 845 3592 qui
856 3517 888 3579 iu
897 3517 1048 3594 Hispania
1059 3515 1164 3579 Sicilia
