2506 3898
177 207 240 274 338
302 203 416 266 tibull
434 199 599 262 xxxvlll.
619 195 703 258 cAP.
716 200 816 254 nina.
838 195 875 262 [a
888 193 1036 260 uacca]

180 375 259 440 quac
279 372 444 433 numquam
463 351 524 415 nisi
544 353 574 412 in
596 366 700 427 pugna
713 348 881 410 nudentur:
905 345 991 409 itaet
1006 347 1079 424 plus
1094 366 1167 411 san·

181 441 280 522 guinis
301 457 342 502 cx
362 442 454 501 multa
475 451 567 499 cerne
581 435 781 508 fundebatur,
802 439 833 493 et
846 432 1004 494 foediores
1020 435 1171 509 petebant

182 531 299 606 plagae,
315 531 347 586 et
359 524 475 585 candor
490 535 655 596 corporum
669 515 768 592 magis
783 516 933 592 sanguiue
948 524 1015 578 atro
1029 519 1170 578 macula-

181 614 278 674 batur.
300 609 358 669 sed
372 623 432 668 uon
447 613 508 666 tam
519 603 694 680 patentibus
705 599 805 677 plagis
817 607 988 662 moventur.
1011 601 1169 664 interdum

181 698 298 756 insecta
312 697 395 764 cute,
418 688 470 752 ubi
486 687 575 749 latior
591 703 682 762 quam
695 685 785 746 altior
798 686 891 761 plaga
905 691 969 756 est,
992 683 1087 744 ctiam
1102 686 1170 760 glo·

181 778 293 840 riosius
314 791 350 836 se
370 787 507 850 pugnare
526 778 640 847 putant.
674 769 781 842 iidem,
802 783 872 829 cum
891 770 1020 828 aculeus
1035 769 1173 844 sagittae

182 871 234 924 aut
256 857 376 935 glandis
399 857 518 918 abditae
542 856 693 916 introrsus
719 851 804 914 tenui
824 853 953 913 vulnere
973 853 1005 912 in
1026 853 1172 927 speeiem

182 946 249 1017 urit,
264 949 294 1002 et
308 940 470 1003 scrutantis
486 956 548 1014 qua
561 940 693 1022 evellant
707 938 799 998 telum
815 952 878 998 non
892 936 1043 1012 sequitur,
1058 943 1125 996 tum
1141 937 1174 996 in

182 1027 298 1090 rabiem
322 1032 355 1086 et
374 1024 524 1100 pudorem
543 1031 604 1083 tam
628 1035 743 1097 parvae
764 1019 941 1096 perimentis
963 1019 1047 1080 versi
1069 1021 1172 1094 pestis

184 1115 381 1190 prosternunt
404 1122 537 1184 corpora
557 1106 655 1179 humi,
680 1104 760 1166 sicut
780 1103 898 1179 passim
919 1103 1172 1178 procumberent

184 1195 234 1258 elii
257 1201 382 1254 ruentes
406 1192 437 1252 in
462 1191 582 1262 hostem
606 1189 745 1264 undique
770 1187 1020 1262 configebantur,
1046 1194 1079 1248 et
1100 1203 1174 1248 cum

185 1281 354 1340 comminus
367 1281 523 1348 venerant,
538 1273 649 1348 gladiis
663 1289 682 1333 a
695 1272 836 1332 velitibus
852 1271 1094 1332 trucidabantur.
1119 1270 1173 1332 hic

186 1363 272 1422 mdes
287 1357 466 1436 tripedalem
482 1371 617 1434 parmam
631 1355 738 1429 habet,
755 1363 787 1417 et
799 1355 829 1415 in
845 1357 955 1416 dextra
968 1355 1087 1430 hastas,
1105 1357 1173 1430 qui-

187 1447 243 1505 bus
258 1444 377 1503 eminus
390 1443 497 1512 utitur,
519 1441 621 1516 gladio
633 1439 830 1516 Hispaniensi
844 1446 893 1500 est
903 1439 1032 1500 cinctus.
1056 1438 1172 1515 quodsi

187 1528 265 1603 pede
290 1525 400 1586 collato
423 1524 621 1599 pugnandum
636 1531 698 1598 est,
720 1522 875 1584 translatis
890 1523 921 1582 in
936 1524 1058 1583 laevam
1072 1523 1172 1584 hastis

185 1609 304 1682 stringit
327 1608 471 1683 gladium.
506 1608 595 1683 pauci
620 1606 680 1666 iam
705 1613 888 1682 supererant
912 1605 1088 1677 Gallorum3
1120 1609 1173 1683 qui

188 1699 351 1768 postquam
373 1691 411 1752 ab
432 1691 492 1751 levi
511 1697 665 1752 armatura
685 1699 849 1766 superatos
871 1706 906 1752 se
920 1690 1066 1752 viderunt
1079 1699 1112 1751 ct
1128 1693 1172 1750 in·

186 1783 268 1857 stare
282 1774 436 1848 legionum
450 1775 552 1852 signa,
568 1773 669 1836 effusa
683 1776 755 1850 luga
770 1782 872 1836 castra
886 1781 1028 1849 repetunt
1044 1777 1174 1850 pavoris

185 1867 215 1921 et
229 1859 374 1920 tumultus
390 1859 450 1918 iam
463 1860 564 1934 plena,
579 1865 613 1918 ut
626 1859 678 1919 ubi
696 1859 826 1918 laminae
839 1859 991 1935 puerique
1002 1865 1032 1919 et
1045 1861 1108 1920 alia
1118 1858 1173 1918 inr-

187 1943 274 2006 oellis
299 1943 389 2002 turba
414 1942 563 2018 permixta
588 1948 681 2003 esset.
716 1944 874 2004 Romanos
899 1943 1034 2005 victores
1057 1943 1173 2005 deserti

186 2029 258 2102 luga
272 2026 405 2088 hostium
419 2033 606 2101 acceperunt
619 2027 734 2086 tumuli.
761 2027 854 2088 XXII.
876 2027 935 2088 sub
949 2027 1031 2088 idem
1048 2032 1174 2103 tempus

184 2112 217 2170 L.
233 2109 365 2170 Manlius
381 2116 412 2169 et
427 2108 458 2168 0.
473 2110 617 2182 Helvius,
640 2125 710 2170 erun
726 2112 829 2185 quoad
843 2111 924 2171 viam
940 2111 1037 2172 colles
1054 2111 1174 2188 obliqui

186 2193 338 2251 dederunt
363 2192 591 2264 ascendissent,
619 2201 784 2268 postquam
804 2196 845 2256 ed
865 2195 947 2254 invia
967 2201 1096 2256 ventum
1117 2203 1174 2265 est,
1246 2205 1247 2214 ’

184 2273 299 2333 flexere
320 2273 378 2334 iter
398 2275 429 2334 in
451 2280 569 2350 partem
589 2277 717 2351 montis,
739 2294 820 2354 quae
834 2295 896 2340 una
911 2278 1046 2340 habebat
1060 2280 1129 2353 iter,
1145 2285 1176 2338 et

185 2355 274 2432 sequi
295 2358 432 2419 consulis
453 2373 562 2434 agmen
577 2359 699 2420 modico
714 2367 844 2436 uterque
858 2360 1018 2425 intervallo
1033 2364 1123 2424 velut
1136 2378 1176 2422 ex
1245 2373 1246 2392 ,

185 2441 356 2516 composito
371 2451 555 2520 coeperunt,
578 2443 663 2520 quod
678 2443 776 2520 primo
793 2444 939 2520 optimum
955 2447 1039 2508 iactu
1053 2445 1177 2522 luisset,

185 2525 215 2584 in
231 2522 262 2584 id
282 2527 468 2588 necessitate
488 2528 559 2604 ipsa
572 2528 741 2603 compulsi:
763 2529 903 2590 subsidia
918 2530 1044 2590 enimin
1060 2531 1175 2592 talibus
1244 2571 1245 2578 ,

185 2609 394 2683 iniquitatibus
409 2613 545 2674 locorum
562 2612 696 2674 maximo
712 2627 808 2688 saepe
821 2611 892 2674 usui
907 2614 1048 2687 luerunt,
1064 2623 1100 2675 ut
1114 2616 1176 2690 pri-

186 2692 243 2751 mis
267 2691 345 2754 rorte
366 2695 534 2757 deturbatis
556 2695 685 2757 secundi
706 2705 736 2758 et
755 2703 860 2772 tegant
880 2699 990 2772 pulsos
1012 2704 1044 2758 et
1065 2698 1177 2774 integri

187 2789 320 2848 pugnem
335 2778 498 2853 excipiant
530 2780 655 2855 consul,
671 2788 836 2857 postquem
852 2781 892 2842 ad
906 2781 1043 2842 tumulos
1059 2783 1101 2844 ab
1116 2782 1177 2842 levi

185 2862 338 2917 armature
348 2865 457 2934 captos
468 2862 566 2937 prima
577 2864 666 2939 signa
677 2865 831 2940 legionum
842 2866 1061 2942 pervenerunt,
1075 2866 1176 2942 respi-
1242 2909 1243 2916 ,

185 2953 253 2997 rare
267 2946 297 2999 et
310 2943 534 3018 conquiescere
548 2947 706 3024 paulisper
721 2949 845 3013 militem
858 2950 950 3012 iubet.
974 2950 1068 3010 simul
1080 2957 1176 3011 strata
1242 2919 1243 3000 l

187 3036 243 3094 per
257 3025 392 3087 tumulos
410 3043 544 3104 corpora
560 3031 714 3096 Gallorum
730 3041 878 3105 ostentat;
900 3043 930 3095 et
945 3049 1014 3094 cum
1031 3034 1113 3095 levis
1129 3051 1175 3094 ar-
1241 3037 1242 3046 ’

185 3111 301 3202 matura
316 3111 468 3182 proelium
482 3116 542 3177 tale
557 3115 694 3192 ediderit,
710 3119 784 3194 quid
794 3119 833 3180 ab
845 3117 1028 3194 legionibus,
1047 3118 1126 3194 quid
1138 3118 1175 3178 ab

186 3195 273 3248 rusus
289 3193 392 3266 armis,
409 3195 484 3272 quid
498 3200 538 3261 ab
550 3201 658 3262 animis
675 3203 905 3263 fortissimorum
920 3201 1049 3262 militum
1061 3217 1173 3277 exspe·
1238 3189 1241 3358 1

186 3271 282 3330 clarit
303 3283 405 3339 castra
427 3281 486 3343 illis
509 3285 660 3363 capienda
680 3301 768 3361 esse,
789 3287 818 3346 in
836 3301 915 3361 quae
937 3287 1121 3361 compulsus
1136 3285 1174 3344 ab

185 3352 245 3410 levi
272 3367 426 3423 armatura
452 3365 551 3431 hostis
578 3371 715 3446 trepidet.
753 3370 940 3446 praecedere
965 3376 1068 3430 tamen
1089 3369 1174 3430 iubet

185 3429 282 3492 levem
303 3452 505 3523 armaturam,
529 3471 623 3532 quae,
645 3471 714 3515 cum
733 3461 826 3516 staret
841 3469 966 3530 agmen,
988 3451 1171 3529 colligendis
