2480 3904
243 251 358 314 LIBER
371 251 491 314 XXXV.
514 253 597 314 CAP.
612 263 655 316 ra.
667 262 709 318 19.
731 256 765 334 [a
779 261 811 315 c.
823 258 884 336 193]
985 259 1045 324 191

80 405 223 482 quondam
244 405 374 479 amicus,
396 421 494 483 nuper
508 407 612 468 relicto
628 423 666 470 eo
681 415 805 470 secutus
822 411 1044 486 opulentiorem

77 491 180 566 regiam
194 489 353 560 Antiochi;
377 496 408 550 et
421 497 576 566 tamquam
594 490 711 567 peritus
727 492 874 556 Graeciae
889 511 946 556 nec
960 497 1044 572 igna-

76 591 123 636 rus
136 575 354 649 Romanorum,
374 574 406 634 in
421 590 490 637 eum
504 576 634 650 gradum
648 577 798 638 amicitiae
810 579 909 654 regis,
924 587 958 641 ut
972 597 1045 642 con-

76 657 144 718 siliis
165 673 288 736 quoque
308 659 428 721 arcanis
451 659 627 735 interesset,
646 668 793 738 acceptus
809 669 884 724 erat.
912 663 954 738 is,
970 671 1044 726 tam-

51 785 52 788 ,
77 758 157 817 quam
171 759 231 806 non
246 750 346 805 utrum
360 741 539 810 bellandum,
547 751 632 806 esset
642 761 740 806 necne
752 749 972 821 consuleretur,
988 750 1045 814 sed

74 826 119 886 ubi
138 833 168 888 el
186 843 247 903 quo
264 826 384 888 ratione
403 827 516 888 bellurn
536 835 707 904 gereretur,
727 829 885 891 victoriam
906 847 942 894 se
961 832 1045 894 haud

75 909 186 972 dubiam
197 927 371 988 proponere
383 910 484 972 animo
496 911 685 988 adfirmabat,
701 914 728 974 si
739 915 769 974 in
778 915 935 991 Europam
945 923 1044 978 mans·

75 995 140 1055 isset
152 1010 208 1055 rex
223 1003 253 1057 et
266 996 295 1056 in
312 996 415 1071 aliqua
426 995 571 1056 Graeciae
584 1005 672 1072 parte
686 997 793 1060 sedem
804 999 885 1061 bello
899 999 1044 1076 cepisset

74 1077 123 1137 iam
140 1079 269 1154 primum
284 1081 428 1153 Aetolos,
449 1079 503 1156 qui
515 1080 689 1142 umbilicum
705 1081 852 1144 Graeciae
866 1083 1045 1160 incolerent,

73 1161 98 1220 in
121 1163 208 1223 annis
234 1171 305 1224 cum
329 1163 539 1239 inventurum,
563 1165 782 1240 antesignanos
807 1166 849 1228 ad
875 1170 1045 1244 asperrima

73 1262 202 1322 quaeque
224 1247 298 1310 belli
318 1254 453 1323 paratos.
487 1247 518 1308 in
539 1249 662 1310 duobus
683 1252 768 1311 velut
788 1249 933 1313 comibus
951 1253 1041 1313 Grac-

73 1331 137 1406 ciae,
151 1329 258 1394 Nabim
274 1331 520 1407 aPeloponneso
537 1334 756 1396 concitaturum
771 1335 888 1412 omnia,
902 1343 1043 1413 repeten-

72 1421 123 1474 tem
141 1415 327 1492 Argivorum
351 1415 474 1490 urbem,
499 1425 688 1492 repetentem
706 1418 873 1480 maritimas
895 1421 1043 1495 civitates,

73 1499 265 1573 quibuscum
287 1501 450 1576 depulsum
469 1501 600 1566 Romani
618 1501 861 1566 Lacedaemonis
883 1505 977 1566 muris
999 1504 1042 1564 in·

71 1584 238 1655 elusissent3
259 1583 477 1648 aMaoedonia
490 1585 671 1663 Philippum,
686 1587 739 1648 ubi
753 1587 886 1664 primum
900 1589 1058 1662 bellicum,

71 1668 129 1728 cani
152 1669 305 1741 audisset,
332 1685 418 1730 arma
438 1676 607 1745 captarum.
643 1687 740 1732 nosse
761 1687 796 1732 se
817 1672 942 1747 spiritus
964 1673 1041 1743 eius,

70 1766 152 1814 nosse
172 1754 324 1824 animum;
352 1753 433 1816 scire
454 1754 585 1816 ferarum
606 1756 715 1830 modo,
737 1772 818 1832 quae
835 1756 976 1818 claustris
991 1762 1043 1816 aut

69 1836 187 1898 maculis
208 1844 366 1910 tenentur,
389 1837 522 1913 ingentis
543 1839 603 1898 iam
624 1840 677 1900 diu
697 1840 759 1902 iras
780 1856 849 1900 eum
870 1841 900 1900 in
916 1849 1043 1916 pectore

70 1923 190 1983 volvere.
222 1922 401 1984 meminisse
422 1921 513 1986 etiam
533 1939 584 1998 se,
607 1925 749 1999 quotiens
769 1925 799 1983 in
820 1922 900 1984 bello
922 1924 1042 2000 precari

71 2008 156 2068 omnis
179 2008 258 2069 deas
280 2007 390 2068 solitus
405 2005 459 2081 sit,
480 2013 515 2068 ut
526 2007 712 2070 Antiochum
728 2007 786 2068 sibi
801 2007 910 2069 darent
924 2009 1041 2068 adiuto-

70 2103 137 2160 rem;
165 2091 254 2154 cuius
275 2089 340 2152 voti
361 2091 387 2151 si
403 2106 534 2167 compos
550 2107 632 2152 nunc
647 2093 713 2167 liat,
734 2093 847 2154 nullam
862 2108 979 2154 moram
993 2107 1036 2152 re

68 2169 189 2236 bellandi
212 2177 373 2238 lecturum.
405 2181 521 2238 tanturn
541 2193 603 2238 non
622 2177 828 2238 cunctandum
842 2192 899 2237 nec
915 2191 1032 2238 cassan

70 2256 131 2319 dum
153 2277 242 2323 esse=
276 2259 307 2320 in
329 2274 367 2320 eo
388 2258 468 2322 enim
492 2260 651 2322 victoriam
677 2261 768 2336 verti,
795 2259 822 2321 si
846 2268 876 2322 et
895 2263 964 2323 loca
985 2276 1034 2336 op

68 2351 188 2415 ponuna
205 2353 238 2408 et
257 2343 335 2406 socii
352 2351 661 2420 praeoccuparentur.
692 2345 896 2406 Hannibalem
916 2359 1042 2421 quoque

68 2426 125 2486 sine
143 2446 231 2490 mora
255 2428 437 2490 mittendum
456 2427 488 2491 in
504 2429 641 2494 African
661 2443 733 2489 esse
752 2429 793 2488 ad
812 2428 1041 2503 distringendos

68 2508 223 2576 Romanos.

139 2598 217 2659 lllX.
246 2596 398 2658 Hannibal
418 2614 480 2658 non
495 2596 648 2658 adhibitus
664 2602 712 2657 est
725 2595 755 2654 in
772 2595 948 2668 consilium,
970 2609 1041 2668 pro·

67 2686 126 2753 pter
136 2680 293 2759 colloquia
307 2697 377 2742 cnm
387 2682 479 2744 Villio
495 2687 663 2757 suspectus
675 2679 741 2755 regi
753 2687 783 2740 et
793 2678 823 2740 in
837 2678 920 2739 nullo
932 2684 1042 2754 postea

66 2763 173 2828 honore
201 2764 336 2828 babitus.
372 2764 470 2840 primo
497 2780 565 2828 cam
589 2765 802 2826 contumellam
830 2762 939 2826 tacitus
966 2760 1040 2836 tulit,

67 2847 170 2913 deinde
189 2848 302 2912 melius
323 2865 396 2911 esse
416 2856 502 2910 ratus
523 2856 553 2911 et
573 2848 765 2924 percunctari
786 2863 912 2910 causam
930 2861 1041 2929 repen·

66 2933 142 2996 tinae·
157 2934 350 2997 alienationis
372 2939 406 2996 et
424 2948 557 3010 purgare
577 2949 628 3008 se,
648 2940 785 3010 tempore
808 2939 880 3009 apto
900 2931 1041 3008 quaesita

66 3017 237 3095 simpliciter
254 3018 431 3081 iracundiae
447 3034 541 3080 causa
555 3016 730 3095 auditaque,
747 3025 855 3094 „pater
867 3017 1041 3082 Hamilcnr“

65 3099 161 3180 inquit,
174 3103 357 3180 „andoeha
370 3118 499 3180 parvum
511 3101 676 3165 admodum
686 3117 745 3177 me,
761 3118 830 3164 cum
843 3101 1039 3171 sacrificaret,

65 3188 205 3251 altaribus
226 3190 382 3252 admotum
404 3186 600 3250 iureiurando
615 3187 720 3262 adegit
732 3201 895 3262 numquam
911 3185 1041 3246 amicum

66 3269 125 3332 iore
144 3274 251 3352 populi
265 3272 406 3335 Romani.
428 3271 495 3334 'sub
513 3270 574 3333 hoc
594 3278 786 3338 sacramento
804 3285 863 3330 sex
877 3275 907 3329 et
920 3267 1040 3342 triginta

65 3369 157 3418 annos
177 3357 318 3434 militavi,
341 3357 401 3419 hoe
421 3371 471 3417 me
490 3355 521 3414 in
543 3370 620 3430 pace
635 3355 734 3430 patria
747 3369 817 3415 mea
830 3352 962 3427 expuit,
980 3349 1041 3410 hoc

65 3442 156 3512 patria
178 3449 331 3506 extorrem
346 3442 377 3501 in
392 3448 475 3504 tuam
489 3437 605 3514 regiam
619 3439 762 3512 adduxit,
777 3437 837 3500 hoc
852 3437 946 3511 duce,
966 3433 993 3495 si
1008 3441 1041 3496 tu

65 3539 146 3599 spem
160 3525 466 3598 meamdestitueris,
486 3523 672 3600 ubicumque
685 3523 783 3598 vires,
802 3521 855 3582 ubi
869 3537 953 3582 arma
969 3533 1042 3582 esse
