2482 3902
220 189 222 194 ’
266 229 383 292 amun
396 230 531 292 xxmv.
552 231 634 293 ear.
649 240 676 293 a.
691 242 717 296 s.
739 239 775 308 ta·
792 239 825 296 c.
839 240 901 308 ros]
1009 235 1071 300 aas

87 381 187 460 ipsum
198 389 447 456 contemnantur,
465 398 560 458 supra
573 381 657 445 viros
676 400 711 446 so
726 385 915 448 extendantt
929 387 1012 469 [nae]
1027 389 1070 454 si·

87 467 146 528 mul
159 466 293 543 pudere,
316 467 401 542 quod
421 482 484 528 non
505 475 643 543 oportet,
659 468 812 544 cooperit,
836 471 921 547 quod
936 481 1068 550 oportet,

87 568 146 612 non
158 549 295 626 pudebit
319 567 400 628 quae
412 550 451 611 de
464 567 522 612 suo
538 550 660 627 poterit,
677 551 811 628 parabit;
828 571 909 630 quae
923 572 985 617 non
1000 565 1070 634 pot·

87 635 149 710 erit,
165 633 265 695 virum
278 634 410 713 rogabit.
433 634 579 696 miserum
594 635 679 696 illum
689 635 798 711 virum,
814 637 910 716 etqui
922 649 1069 704 exoratus

87 719 183 796 etqui
197 735 260 780 non
276 727 423 781 exoratus
439 717 510 793 erit,
526 735 595 780 oum
612 721 697 796 quod
710 719 779 798 ipsc
794 737 857 782 uon
870 723 998 798 dederit,
1015 726 1068 786 da-

88 815 148 866 tum
161 803 201 865 ab
216 803 277 865 alio
289 802 414 864 videbit.
458 819 540 866 nune
554 806 648 880 vulgo
663 803 782 867 alienos
798 806 882 868 viros
895 818 1021 886 rogant,
1038 817 1070 870 et

87 889 169 966 quod
180 885 279 949 maius
291 893 348 962 est,
364 889 464 966 legem
476 896 507 948 et
520 887 668 964 sutfragia
679 898 796 972 rogant,
812 899 872 953 ete
884 892 1069 968 quibusdam

86 973 256 1048 impetrant,
271 971 424 1033 adversus
440 978 470 1032 te
484 980 515 1033 et
527 989 593 1033 rem
608 981 690 1034 tuam
705 973 861 1038 ctliberos
876 984 945 1039 tuos
960 977 1068 1039 inexo-

85 1056 207 1118 rabiles.
244 1055 334 1128 simul
355 1059 408 1116 lex
428 1057 553 1118 modum
569 1056 742 1133 sumptibus
756 1058 865 1121 uxoris
880 1069 951 1122 tuac
966 1062 1069 1124 lacere

86 1139 219 1216 desierit,
229 1147 263 1203 tu
273 1155 441 1217 numquam
453 1139 559 1202 lacios.
571 1140 664 1206 nolite
677 1141 787 1203 eodem
798 1143 869 1204 loco
882 1143 1067 1218 existimare,

85 1223 226 1302 Quirites,
240 1225 373 1286 futuram
386 1241 466 1300 rem,
482 1241 545 1301 quo
561 1220 618 1288 luit
632 1233 797 1301 antequam
811 1227 865 1302 lex
880 1227 919 1288 de
933 1228 993 1289 hoc
1009 1229 1068 1288 ler-

82 1319 174 1372 retur.
191 1308 388 1372 ethominem
399 1307 572 1394 improbum
584 1325 647 1371 non
658 1309 799 1375 accusari
811 1309 906 1373 tutius
917 1320 966 1373 est
976 1329 1069 1387 quam

83 1392 220 1466 absolvi;
235 1401 267 1456 et
280 1393 403 1456 luxuria
416 1411 478 1456 non
492 1403 576 1458 mota
590 1392 779 1456 tolerabilior
793 1403 888 1471 esset,
904 1412 997 1472 quam
1012 1395 1069 1458 erit

83 1496 178 1553 nunc,
204 1477 284 1554 ipsis
305 1477 437 1540 vinculis
458 1477 539 1540 sicut
558 1480 642 1540 serae
662 1478 782 1540 bestiae
796 1478 926 1552 irritata,
954 1479 1068 1542 deinde

82 1563 207 1626 emissa.
231 1577 289 1639 ego
305 1563 496 1625 nullomodo
512 1563 721 1640 abrogandam
735 1565 835 1640 legem
851 1562 981 1640 Oppiam
996 1580 1068 1626 cen-

83 1665 146 1711 seo.
172 1663 231 1709 vos
246 1647 331 1723 quod
345 1645 458 1722 texitis,
475 1645 667 1709 deosomnis
682 1648 839 1710 fortunare
854 1649 975 1709 velim.“

164 1733 206 1792 V.
228 1731 302 1794 Post
315 1732 394 1792 haec
407 1731 519 1792 tribuni
535 1747 661 1808 quoque
675 1731 787 1807 plebei,
805 1733 857 1808 qui
869 1749 906 1793 se
918 1732 1067 1795 interces-

84 1833 173 1880 suros
188 1815 326 1893 professi
342 1823 443 1890 erant,
470 1832 540 1876 eum
561 1831 661 1892 pauca
680 1814 712 1874 in
733 1817 863 1877 eandem
885 1817 1068 1881 sententiam

83 1901 280 1975 adiecissent,
294 1907 359 1961 tum
372 1901 405 1960 L.
421 1899 565 1961 Valerius
580 1917 637 1976 pro
652 1899 813 1975 rogatione
827 1902 866 1962 ab
882 1917 917 1963 se
931 1903 1066 1981 promul·

83 1994 152 2063 gata
165 1983 210 2047 ita
224 1983 381 2047 disseruit.
405 1984 452 2059 „si
467 1983 579 2060 privati
593 1985 803 2046 tantummodo
818 1985 860 2045 ad
874 1986 1068 2047 suadendum

84 2069 391 2146 dissuadendumque
401 2068 433 2129 id
446 2069 530 2145 quod
541 2070 580 2130 ab
592 2067 682 2130 nobis
693 2076 819 2145 rogatur
829 2069 1068 2145 processissent,

84 2171 140 2232 ego
159 2170 302 2230 quoque,
324 2169 395 2215 eum
416 2152 491 2214 satis
513 2152 628 2216 dictum
642 2169 700 2230 pro
716 2161 846 2230 utreque
861 2161 948 2230 parte
963 2153 1067 2217 existi·

84 2236 336 2312 maremtacitus
352 2236 502 2314 suffragia
516 2246 620 2300 vestra
634 2246 880 2314 exspectassem.
901 2255 983 2301 nunc
997 2255 1067 2300 cum

85 2323 129 2382 vir
143 2320 348 2399 gravissimus
361 2323 471 2384 consul
480 2323 521 2383 Μ,
533 2322 671 2399 Porcius,
687 2340 748 2385 non
761 2321 942 2386 auctoritate
958 2324 1068 2398 solum,

86 2423 164 2484 quae
184 2405 278 2469 tacita
299 2407 375 2469 satis
390 2406 539 2491 momenti
549 2405 724 2480 habuisset,
747 2407 805 2468 sed
826 2405 963 2470 oratione
977 2407 1068 2468 etiam

86 2493 176 2566 longa
190 2499 222 2552 et
235 2499 379 2552 accurata
393 2489 562 2553 insectatus
578 2490 619 2553 sit
632 2490 823 2566 rogationem
842 2497 993 2565 nostram,
1014 2506 1067 2550 ne-

87 2590 208 2636 cessum
223 2583 272 2637 est
286 2573 395 2651 paucis
409 2575 611 2653 respondere.
645 2573 699 2650 qui
714 2582 814 2636 mmen
828 2575 918 2650 plura
929 2573 1026 2634 verba
1035 2571 1067 2632 in

86 2657 274 2736 castigandis
299 2659 447 2722 matronis
471 2677 564 2737 quam
585 2659 616 2719 in
637 2657 799 2735 rogatione
819 2665 926 2720 nostra
946 2655 1067 2717 dissua-

85 2741 187 2804 denda
202 2742 410 2821 eonsmnpsit;
426 2752 457 2806 et
474 2743 599 2820 quidem
613 2741 692 2806 utin
707 2741 801 2804 dubio
814 2749 951 2819 poneret,
966 2748 1068 2802 utrum

84 2825 121 2886 id
134 2829 217 2903 quod
231 2829 447 2905 reprenderet,
474 2837 632 2891 matronae
652 2845 711 2891 sua
731 2835 844 2904 sponte
854 2843 893 2888 an
909 2825 1000 2888 nobis
1013 2843 1067 2888 au-

84 2910 223 2974 ctoribus
238 2911 397 2977 iecissent.
420 2929 484 2974 rem
500 2913 679 2988 defendam,
695 2929 840 2986 nonnos,
855 2911 886 2972 in
903 2928 982 2988 quos
997 2910 1068 2972 iecit

82 2997 183 3072 mag's
196 2997 258 3060 hoc
274 2999 383 3060 consul
398 2999 495 3060 verbo
516 3008 621 3071 tenus,
649 3014 742 3074 quam
761 3007 795 3058 ut
814 3013 849 3058 re
868 2995 1066 3058 insimularet

84 3089 206 3143 coetum
221 3091 253 3144 et
264 3081 449 3144 seditionem
461 3091 492 3145 et
501 3082 654 3144 interdum
666 3081 879 3144 secessionem
889 3081 1068 3142 muliebrem

84 3165 269 3242 appellavit,
296 3167 381 3244 quod
401 3175 559 3244 matronae
574 3167 605 3227 in
621 3166 745 3242 publico
761 3183 819 3228 vos
834 3173 1014 3242 rogassent,
1035 3171 1068 3225 ut

83 3247 184 3324 legem
198 3251 229 3311 in
244 3265 280 3313 se
294 3252 387 3314 latam
402 3268 459 3328 per
473 3253 586 3313 bellum
596 3251 788 3328 temporibus
800 3248 886 3312 duris
901 3247 932 3308 in
947 3262 1026 3323 pace
1037 3254 1069 3306 et

83 3329 208 3397 florenti
228 3335 377 3398 achsam
397 3351 432 3396 re
445 3335 570 3413 publica
583 3335 783 3411 obrogaretis.
826 3333 922 3394 verba
947 3347 1067 3408 magna,

85 3432 168 3490 quae
178 3419 223 3481 rei
234 3419 396 3497 augendae
407 3436 502 3482 causa
514 3419 742 3496 conquirentur,
755 3419 871 3480 ethaeo
883 3414 984 3478 etalio
995 3430 1069 3477 esse

85 3497 170 3578 scio,
184 3511 215 3566 et
227 3503 268 3565 Μ.
284 3503 432 3566 Catonem
448 3513 599 3568 oratorem
615 3519 677 3564 non
692 3505 793 3564 solum
807 3516 934 3579 gravem
948 3499 1006 3562 sed
1020 3498 1069 3559 in·

134 3601 158 3643 r.
173 3603 233 3646 arvi
248 3601 325 3650 rins
336 3589 389 3648 IV.
845 3593 864 3649 9
