2480 3904
199 249 266 312 aas
352 243 617 307 ntenaxxxvn
639 241 1049 319 canaanpuaaaq

199 399 368 475 praebens,
383 403 414 458 et
428 396 455 458 si
469 411 520 456 res
534 392 730 471 poposcerit,
746 391 939 455 traiecturus.
962 392 1042 454 haec
1055 395 1182 466 suadeo,

200 482 254 560 qui
273 490 388 543 utnon
412 480 511 541 omnis
531 475 738 554 peritissimus
760 477 818 538 sim
838 476 927 554 belli,
953 493 1025 538 cum
1038 477 1182 538 Romanis

200 573 282 628 certe
296 565 411 626 bellare
425 561 516 624 bonis
531 561 683 638 malisque
703 561 782 622 meis
805 559 909 622 didici.
942 561 974 621 in
990 576 1072 638 quae
1086 562 1183 623 consi·

199 652 273 712 lium
294 648 381 722 dedi,
408 647 439 707 in
460 647 570 708 eadem
589 661 647 708 nec
667 645 823 706 infidelem
837 661 895 706 nec
915 661 1045 721 segnem
1061 661 1182 720 operam

200 733 359 810 polliceor.
382 731 424 791 dii
439 731 613 806 approbent
627 745 696 791 eam
710 730 892 792 sententiam
907 745 987 806 quae
1000 729 1056 790 tibi
1074 730 1182 805 optima

200 819 267 878 risa
282 816 401 878 luerit.“

283 899 365 960 vill.
387 901 472 960 Haec
488 901 583 960 lerme
596 899 777 962 Hannibalis
794 899 892 961 oratio
915 899 985 974 luit,
1008 913 1103 975 quam
1123 901 1183 958 lau-

200 986 311 1046 darunt
324 985 424 1060 magis
438 983 469 1044 in
484 982 661 1062 praesentia
672 985 724 1060 qui
737 986 880 1056 aderant,
898 998 990 1058 quam
1000 982 1097 1044 rebus
1110 981 1184 1058 ipsis

200 1067 341 1130 exsecuti
362 1074 448 1130 sunta
470 1065 546 1128 nihil
566 1068 646 1128 enim
668 1085 775 1132 eorum
797 1070 993 1140 factumest,
1021 1067 1083 1127 nisi
1104 1069 1184 1142 quod

201 1153 241 1214 ad
256 1153 389 1216 classem
410 1152 580 1228 copiasque
600 1154 805 1214 arcessendas
820 1167 861 1212 ex
874 1150 951 1213 Asia
964 1149 1184 1228 Polyxenidam

200 1237 291 1298 misit.
306 1237 398 1313 legati
404 1235 543 1298 Larisam
555 1237 594 1296 ad
606 1237 768 1299 concilium
778 1235 996 1297 Thessalorum
1008 1241 1082 1296 sunt
1091 1235 1183 1310 missi,

201 1328 231 1382 el
245 1322 364 1383 Aetolis
378 1321 646 1399 Amynandroque
661 1319 728 1383 dies
749 1321 789 1382 ad
808 1319 1054 1382 conveniendum
1068 1321 1185 1380 exerci-

200 1405 245 1466 tui
258 1405 374 1466 Pheras
390 1411 438 1465 est
452 1405 562 1466 dictus.
591 1405 701 1465 eodem
716 1411 746 1466 et
760 1421 817 1465 rex
832 1419 902 1464 curn
916 1403 982 1464 suis
997 1403 1098 1479 copiis
1115 1419 1184 1464 con·

201 1489 301 1550 restim
321 1488 413 1549 venit.
442 1487 571 1548 ibidum
592 1489 750 1563 opperitur
763 1488 997 1566 Amwandrum
1017 1494 1113 1564 atque
1128 1489 1183 1547 Ae·

201 1574 296 1646 bolos,
317 1571 492 1646 Philippum
512 1571 806 1648 Megalopolitanum
827 1589 897 1632 curn
919 1571 1041 1632 duobus
1064 1571 1182 1632 milibus

200 1655 357 1716 hominrnn
372 1655 412 1714 ad
426 1655 557 1730 legenda
568 1672 643 1718 ossa
652 1656 857 1719 Macedonum
869 1657 953 1718 circa
965 1654 1183 1734 Cynoscepha-

200 1741 256 1815 las,
270 1738 323 1799 ubi
335 1739 521 1800 debellatum
535 1745 601 1801 erat
612 1756 681 1802 cum
692 1741 843 1818 Philippo,
859 1740 955 1814 misit,
971 1739 1039 1802 sive
1053 1740 1181 1815 abipso,

202 1829 368 1900 quaerente
390 1823 448 1884 sibi
471 1826 766 1888 commendationem
783 1827 824 1886 ad
838 1825 1044 1886 Macedonum
1064 1832 1182 1900 gentem

200 1915 231 1970 el
244 1907 390 1970 invidiam
404 1909 484 1984 regi,
502 1910 586 1985 quod
601 1911 771 1986 insepultos
786 1911 897 1971 milites
911 1909 1106 1985 reliquisset,
1123 1925 1179 1968 mo-

201 1994 299 2064 nitus;
321 1993 389 2053 sive
403 1991 442 2053 ab
457 1993 548 2054 insita
562 1994 686 2069 regibus
697 1995 831 2056 vanitate
845 1995 886 2054 ad
900 1993 1064 2055 consilium
1078 1995 1183 2068 specie

201 2080 349 2152 amplum,
371 2092 405 2136 re
426 2077 517 2136 inane
537 2077 637 2138 animo
660 2078 790 2140 adiecto.
825 2079 958 2140 tumulus
980 2085 1029 2138 est
1044 2077 1075 2138 in
1092 2093 1183 2138 unum

201 2162 342 2234 ossibuS,
370 2175 450 2234 quae
470 2161 587 2235 passim
608 2168 703 2223 strata
723 2171 822 2238 erant,
849 2163 1039 2225 coacervatis
1066 2161 1182 2230 sanctuar

202 2244 253 2318 qui
268 2244 382 2303 nullam
395 2242 524 2318 gratiam
538 2245 580 2304 ad
592 2245 796 2322 Macedonas,
818 2247 923 2308 odium
937 2245 1047 2322 ingens
1064 2245 1106 2306 ad
1118 2244 1184 2305 Phi-

200 2326 317 2402 lippum
332 2327 434 2388 movit.
457 2327 562 2404 itaque
576 2328 629 2406 qui
643 2330 683 2390 ad
697 2329 730 2390 id
744 2337 867 2407 tempus
883 2331 1038 2393 fortunam
1054 2337 1140 2392 esset
1154 2331 1182 2388 in

202 2412 331 2473 consilio
346 2411 521 2485 habiturus,
545 2414 572 2473 is
594 2416 746 2489 extemplo
762 2415 802 2475 ad
816 2415 857 2475 M.
871 2414 1021 2476 Baebium
1036 2429 1183 2490 proprae-

200 2503 297 2556 torem
311 2496 407 2572 misit,
432 2497 619 2559 Antiochum
638 2498 669 2558 in
683 2499 872 2559 Thessaliam
892 2500 1040 2574 impetum
1054 2499 1182 2565 lecisse;

201 2580 227 2640 si
242 2581 398 2642 videretur
413 2582 455 2653 ei,
478 2588 615 2644 moveret
635 2597 675 2642 ex
693 2583 845 2662 hibernisr
868 2599 903 2644 se
919 2583 1043 2644 obviam
1057 2597 1183 2659 proces-

201 2681 324 2738 surum,
340 2673 374 2725 ut
389 2664 463 2740 quid
477 2667 630 2742 agendum
645 2672 730 2726 esset
744 2668 962 2728 consultarent.

284 2749 334 2806 IX.
357 2749 508 2810 Antiocho
520 2750 561 2810 ad
571 2749 685 2811 Pheras
697 2751 757 2810 iam
774 2757 876 2812 castra
888 2751 1027 2826 habenti,
1043 2751 1096 2811 ubi
1112 2765 1181 2810 con·

200 2839 363 2890 iunxerant
383 2833 411 2890 ei
436 2847 471 2891 sc
491 2833 592 2893 Aetoli
613 2840 643 2894 et
661 2834 878 2912 Amynander,
904 2835 996 2910 legati
1017 2835 1058 2896 ab
1078 2835 1183 2894 Larisa

199 2921 349 2975 venerunt
363 2923 560 2990 quaerentes,
584 2918 668 2990 quod
690 2919 730 2979 ob
751 2921 863 2981 iactum
883 2919 1038 2980 dictumve
1052 2919 1180 2980 Thessa·

200 2999 299 3059 lorum
312 2997 393 3057 bello
408 2999 577 3060 lacesseret
587 3015 653 3075 eos,
668 3001 758 3062 simul
770 3011 902 3080 orantes,
919 3010 953 3064 ut
964 3010 1084 3064 remoto
1096 3017 1180 3063 exer·

201 3082 263 3145 citu
277 3083 480 3158 perlegales,
497 3084 612 3163 siquid
628 3084 656 3146 ei
670 3085 840 3163 videretur,
863 3104 968 3150 secum
984 3089 1179 3163 disceptaret.

200 3166 309 3229 eodem
320 3170 459 3240 tempore
471 3169 654 3244 quingentos
666 3178 798 3232 armatos
811 3172 890 3233 duce
899 3171 1097 3248 Hippolocho
1107 3169 1179 3230 Phe-

199 3268 250 3312 ras
265 3251 296 3310 in
311 3249 499 3325 praesidium
514 3252 678 3316 nriseruntr
697 3253 718 3316 ii
738 3257 858 3317 exclusi
878 3257 978 3332 aditu,
999 3256 1060 3316 iam
1081 3254 1181 3318 omnia

199 3337 305 3394 itinera
317 3333 530 3398 obsidentibus
541 3336 649 3412 regiis,
663 3337 827 3401 Scotusam
837 3355 873 3400 se
883 3347 1077 3416 receperunt.
1099 3339 1179 3413 lega-

199 3417 237 3472 tis
249 3418 463 3480 Larisaeorum
477 3436 533 3480 rex
546 3423 710 3482 clementer
719 3423 882 3498 respondit
892 3439 954 3484 non
966 3424 1039 3484 belli
1050 3419 1178 3484 laciendi

200 3497 257 3554 sed
272 3501 404 3560 tuendae
420 3513 450 3563 et
465 3503 665 3564 stabiliendae
685 3506 831 3567 libertatis
846 3507 1066 3569 Thessalorum
1087 3519 1179 3568 causa
