2482 3900
133 136 181 200 24
268 135 386 196 LIBER
399 133 503 194 XXXI.
527 131 611 192 CAP.
627 138 670 192 27.
683 137 727 191 28.
739 136 784 192 29·
805 129 842 206 [a.
855 133 892 184 U.
906 151 931 184 c.
945 128 1012 204 552]

139 289 271 348 adortus
299 281 501 360 expugnavit,
537 281 770 356 puberibusque
799 279 990 354 intersectis,
1023 282 1155 356 praeda

141 369 225 432 omni
240 369 386 429 militibus
403 381 555 427 concessa
573 364 665 424 diruit
679 379 785 424 muros
800 369 897 438 atque
907 363 1021 424 urbem
1036 365 1153 426 incen-

142 455 196 515 dit
217 453 270 511 bic
283 458 383 511 metus
397 449 589 522 Codrionem,
605 448 680 508 satis
692 447 827 507 validum
841 453 873 506 ct
883 447 1038 507 munitum
1054 451 1153 524 oppi-

143 539 233 610 dum,
256 535 324 594 sine
339 534 504 594 certamine
517 539 551 593 ut
565 532 730 592 dederetur
743 531 895 592 Romanis
912 529 1028 592 effecit
1052 549 1153 608 prae-

144 620 224 681 sidio
239 618 282 676 ibi
296 617 404 678 reIIcto
418 618 532 678 Cnidus
543 647 585 658 -
597 630 708 675 nomen
727 622 856 690 propter
872 616 1002 674 alteram
1018 615 1051 675 in
1067 617 1154 676 Asia

143 703 252 764 urbem
274 717 365 776 quam
384 701 532 776 oppidum
552 699 749 762 notius-vi
765 699 896 773 capitur.
932 705 1152 760 revertentem

144 789 279 860 legatum
294 786 334 844 ad
349 787 507 845 consulem
523 801 591 846 curn
607 783 682 844 sads
696 798 809 857 magna
824 782 945 857 praeda
959 783 1152 858 Athenago-

144 885 196 929 ras
213 868 339 942 quidam
353 869 457 944 regius
472 869 646 942 praefectus
661 867 690 924 in
705 867 837 926 transitu
852 865 990 926 fluminis
1003 883 1023 926 a
1036 869 1153 928 novis-

145 953 223 1014 simo
249 951 372 1026 agmine
397 952 540 1027 adortus,
566 956 742 1027 postremos
766 950 912 1010 turbavit.
946 950 1152 1026 adquorum

146 1037 312 1096 clamorem
334 1043 365 1096 et
385 1035 619 1110 trepidationem
641 1049 710 1094 cum
729 1040 875 1094 revectus
896 1049 981 1108 equo
1004 1051 1152 1110 propere

146 1120 266 1192 legatus
282 1118 371 1193 signa
383 1119 597 1192 convertisset
613 1125 644 1178 et
657 1117 804 1178 coniectis
816 1117 847 1176 in
858 1117 996 1178 medium
1008 1120 1150 1180 sarcinis

147 1201 246 1262 aciem
268 1202 448 1278 direxisset,
470 1219 532 1262 non
553 1203 650 1263 tulere
670 1201 817 1276 impetum
831 1201 1046 1262 Romanorum
1065 1204 1150 1262 mili-

147 1295 209 1348 tum
224 1285 311 1360 regii.
338 1286 424 1348 multi
439 1302 479 1346 ex
496 1287 533 1346 iis
550 1285 653 1360 occisi,
670 1287 773 1360 plures
791 1283 882 1359 capti.
915 1285 1040 1360 legatus
1057 1287 1149 1347 inco·

147 1368 219 1429 lumi
245 1369 384 1429 exercitu
407 1371 536 1430 reducto
562 1371 600 1428 ad
624 1370 783 1428 consulem
807 1368 970 1428 remittitur
992 1370 1065 1430 inde
1088 1386 1146 1429 ex-

147 1451 262 1524 templo
278 1453 316 1510 ad
333 1453 475 1512 classem.

233 1534 370 1594 XXVIII.
391 1536 457 1595 Hac
472 1535 548 1595 satis
563 1535 643 1594 Ielici
659 1535 857 1609 expeditione
871 1535 954 1597 bello
971 1537 1149 1599 commisso

148 1616 247 1690 reguli
262 1633 299 1677 ac
314 1618 471 1692 principes
488 1619 612 1696 accolae
622 1617 825 1679 Macedonum
840 1619 870 1679 ln
885 1626 989 1680 castra
1000 1622 1151 1683 Romana

151 1699 285 1775 veniunt,
300 1699 460 1762 Pleuratus
476 1699 664 1762 Scerdilaedi
679 1700 771 1774 filius,
788 1711 818 1763 et
828 1703 1035 1782 Amynander
1046 1707 1149 1766 Atha-

151 1799 274 1844 manum
294 1799 366 1858 rex,
388 1791 419 1844 ct
439 1801 478 1844 ex
492 1785 643 1845 Dardanis
657 1787 734 1847 Bato
749 1786 882 1860 Longari
898 1787 992 1848 filius.
1026 1788 1150 1850 bellum

121 1873 127 1884 '
151 1881 209 1928 suo
233 1867 356 1927 nomine
370 1868 531 1944 Longarus
554 1885 621 1928 cunr
636 1871 789 1930 Demetrio
808 1869 942 1946 Philippi
964 1879 1055 1946 patre
1072 1889 1146 1947 ges·

152 1955 245 2013 serat.
267 1953 482 2026 pollicentibus
499 1951 612 2012 auxilia
625 1953 786 2028 respondit
800 1956 911 2014 consul
923 1955 1150 2018 Dardanorum

152 2041 184 2096 et
196 2033 328 2095 Pleurati
349 2051 459 2112 opera,
485 2052 552 2096 cum
574 2038 738 2098 exercitum
760 2035 791 2096 in
812 2037 1029 2099 Macedoniam
1054 2039 1148 2102 Indu-

154 2125 252 2193 ceret,
275 2135 310 2180 se
330 2137 475 2190 usumm;
501 2121 702 2197 Amynandro
722 2121 852 2182 Aetolos
875 2121 1081 2184 concitandos
1108 2126 1148 2186 ad

153 2202 267 2264 bellum
288 2203 430 2264 attribuit.
463 2204 554 2264 Attali
576 2204 817 2279 legatis—nam
837 2205 858 2265 ii
881 2223 1009 2282 quoque
1032 2224 1094 2283 per
1116 2209 1146 2268 ic'

155 2295 277 2361 tempus
291 2294 441 2348 venerant
450 2317 492 2330 —-
502 2287 634 2363 mandat,
649 2295 683 2349 ut
696 2290 834 2364 Aeginae
848 2307 914 2363 rex,
929 2291 983 2351 ubi
998 2291 1146 2354 hiberna·

154 2372 221 2445 bat,
244 2373 375 2434 classem
388 2373 557 2434 Romanam
580 2373 786 2448 opperiretur,
811 2392 872 2449 qua
893 2377 1039 2436 adiuncta
1059 2377 1144 2438 bell:

155 2455 315 2533 maritimo,
330 2459 411 2518 sicut
425 2463 504 2532 ante,
515 2455 688 2533 Philippum
701 2465 833 2532 urgeret.
856 2460 895 2519 ad
906 2460 1048 2520 Rhodi0s
1066 2477 1143 2535 quo·

157 2555 219 2618 que
233 2541 320 2604 missi
335 2543 434 2618 legati,
449 2549 483 2603 ut
498 2549 699 2617 capesserent
713 2549 828 2617 partem
842 2542 925 2602 belli
953 2558 1013 2602 nec
1026 2541 1142 2620 Philip-

157 2641 217 2704 pus
242 2627 491 2702 segnius-iam
518 2628 598 2688 enim
618 2627 648 2688 in
668 2627 881 2688 Macedoniam
901 2635 1144 2702 pervenerat-

158 2711 329 2785 apparabat
344 2713 465 2772 bellum.
488 2713 582 2773 filium
593 2711 714 2786 Persea,
732 2726 860 2786 puerum
872 2712 1047 2788 admodum,
1064 2713 1146 2776 datis

160 2810 201 2855 ex
213 2794 379 2855 amicorum
390 2810 517 2856 numero
531 2798 582 2871 qui
594 2801 723 2856 aetatem
735 2795 800 2854 eius
812 2803 1042 2871 regerentcum
1054 2804 1148 2872 parte
1194 2840 1199 2848 -

160 2878 318 2954 copiarum
339 2879 377 2937 ad
400 2879 587 2940 obsidendas
610 2879 767 2954 angustias
790 2895 870 2955 quae
891 2881 930 2940 ad
944 2880 1138 2955 Pelagonian

161 2969 233 3025 sunt
245 2962 343 3022 mittit.
377 2961 531 3024 Sciathum
547 2970 577 3026 et
589 2963 805 3041 Peparethum,
826 2964 911 3026 haud
924 2965 1078 3040 ignobiles
1094 2984 1134 3026 ur

159 3049 227 3126 bes,
242 3063 281 3108 ne
296 3046 388 3108 classi
403 3047 537 3110 hostium
551 3051 685 3127 praedae
700 3066 737 3112 ac
752 3049 888 3126 praemio
905 3055 1020 3125 essent,
1040 3049 1138 3112 diruit

160 3134 201 3196 ad
214 3133 342 3195 Aetolos
364 3132 453 3196 mittit
472 3135 606 3214 legatos,
628 3153 668 3198 ne
687 3152 763 3213 gens
781 3135 918 3210 inquieta
933 3135 1069 3195 adventu
1083 3137 1146 3196 Ro-

159 3230 317 3282 manorum
332 3211 427 3278 fidem
441 3227 579 3286 mutaret.
1069 3287 1076 3291 .

241 3296 347 3364 XXIX·
372 3299 542 3370 Concilium
556 3310 733 3372 Aetolorum
749 3311 828 3367 stata
843 3303 908 3378 die,
931 3301 1015 3379 quod
1028 3301 1145 3364 Panae

158 3389 262 3450 tolirun
277 3391 402 3460 vocant,
419 3389 553 3455 futurum
568 3403 640 3458 erat.
666 3393 736 3454 huie
750 3397 783 3450 ut
798 3393 1001 3462 occurrerent,
1018 3392 1049 3446 et
1062 3387 1150 3463 regis
