2480 3904
169 185 232 249 ara
298 185 413 246 arnna
426 183 547 246 xanta.
571 183 653 245 cnr.
668 191 822 250 raum.
845 193 927 260 nu.
942 210 967 248 a.
984 197 1048 264 aar]

172 353 233 414 que
244 336 462 399 Chalcidenses
475 351 575 412 neque
586 336 708 396 vindice
722 335 868 398 libertatis
882 340 945 400 uilo
960 353 1065 414 egere,
1083 353 1161 400 curn

170 421 257 482 liberi
271 422 347 495 sint,
368 435 469 496 neque
483 419 655 496 praesidio,
678 434 746 480 cum
762 436 871 495 pacem
890 423 1028 484 eiusdem
1042 423 1161 496 populi

169 505 298 566 Romani
319 503 470 585 beneflcio
490 512 522 565 et
539 503 708 564 hbertatem
723 503 864 566 habeant
892 502 1161 580 amicitiam-regis

169 605 231 650 non
244 588 419 665 aspernari,
434 602 535 663 neque
547 587 687 663 ipsorum
698 588 886 650 Aetolorum.
909 590 938 650 id
950 587 1087 662 primum
1099 605 1161 650 eos

169 689 227 749 pro
239 673 345 734 amicis
357 673 501 746 tacturos,
517 670 1056 747 siinsulaexcedantatqueabeunt
1083 688 1160 738 nam

169 757 247 834 ipsis
262 762 378 817 certum
393 771 465 817 esse
480 771 543 817 non
557 756 649 815 modo
665 771 725 815 non
740 755 879 832 recipere
893 755 1075 826 moenibus,
1097 757 1159 816 sed

168 857 208 900 ne
228 841 404 902 societatem
431 839 555 916 quidem
574 839 666 900 ullum
690 838 807 914 pacisci
827 838 886 898 nisi
907 853 947 898 cx
968 839 1159 900 auctoritate

168 927 385 986 Romanorum.
419 923 536 989 XLVll.
558 923 635 982 haec
649 923 819 984 renuntiata
833 921 899 996 regi
913 922 953 982 ad
967 937 1085 996 naves,
1102 925 1158 984 ubi

167 1009 333 1084 restiterat,
355 1023 424 1068 cuna
445 1013 565 1082 essent,
589 1007 620 1066 in
641 1006 815 1082 praesentia
828 1033 872 1046 -
885 1020 988 1082 neque
1009 1007 1097 1066 euim
1117 1009 1157 1068 iis

168 1098 295 1154 venerat
319 1092 432 1167 copiis,
458 1099 492 1153 ut
512 1091 542 1150 vi
562 1105 655 1166 agere
675 1089 838 1165 quicquam
858 1092 1157 1164 posset-reverti

167 1176 390 1238 Demetriadem
410 1175 533 1250 placuit
552 1175 608 1234 -ibi
629 1174 773 1249 quoniam
786 1172 923 1258 primum
939 1189 1053 1234 vanum
1069 1175 1156 1235 ince-

169 1267 253 1337 ptum
268 1258 434 1330 evasisset,
451 1259 625 1320 consultare
639 1274 709 1340 curn
721 1257 840 1318 Aetolis
855 1271 927 1333 rex,
946 1257 1021 1334 quid
1036 1257 1156 1319 deinde

167 1345 263 1406 tieret.
284 1341 690 1422 placuitBoeotosAchaeos
698 1340 931 1420 Amynandrum
941 1355 1046 1416 regem
1054 1343 1153 1404 Atha·

168 1444 290 1490 manum
304 1434 461 1503 temptare.
484 1427 671 1486 Boeotorum
690 1433 812 1500 gentem
826 1439 967 1486 aversam
982 1425 1021 1485 ab
1036 1425 1151 1488 Roma·

169 1514 215 1572 nis
240 1512 299 1572 iarn
324 1511 396 1570 inde
416 1525 436 1569 a
454 1508 637 1587 Brachyllae
661 1514 772 1582 morte,
799 1515 830 1568 et
850 1517 929 1584 quae
951 1516 1061 1570 secuta
1082 1525 1152 1571 eant

168 1597 301 1667 lucrant,
323 1593 504 1662 censebant;
526 1592 721 1654 Achaeorum
741 1591 1011 1668 Philopoemenem
1036 1595 1151 1668 princi-
1236 1645 1237 1650 ,

168 1694 237 1752 pern
257 1677 460 1737 aemulatione
480 1677 597 1751 gloriae
616 1677 646 1736 in
666 1675 748 1737 bello
762 1677 918 1737 Laconum
939 1677 1087 1738 infestum
1103 1679 1150 1737 in-
1236 1669 1237 1680 ’

166 1762 330 1836 visumque
344 1775 416 1822 esse
432 1759 570 1834 Quinctio
592 1761 766 1820 credebant.
796 1759 999 1839 Amynander
1018 1777 1150 1820 uxorem

165 1845 341 1921 Apamiam,
356 1843 450 1905 tiliam
461 1843 631 1905 Alexandri
646 1844 805 1905 cuiusdam
817 1843 1078 1920 Megalopolitani,
1093 1844 1147 1904 ha-

165 1929 272 2003 bebat,
293 1929 396 2005 quise
418 1929 578 1990 oriundum
593 1945 612 1989 a
625 1943 737 2004 magno
752 1927 929 1990 Alexandro
950 1928 1054 1989 ferens
1074 1927 1147 1989 liliis

167 2013 288 2074 duobus
302 2011 475 2089 Philippum
496 2018 588 2087 atque
601 2012 812 2072 Alexandrum
832 2017 863 2073 et
883 2011 964 2072 filiae
984 2012 1147 2087 Apamiam

166 2098 290 2158 nomina
304 2097 506 2172 imposuerat;
530 2111 620 2170 quam
641 2095 734 2170 regiis
755 2096 899 2156 inclutum
920 2096 1034 2171 nuptiis
1049 2096 1148 2158 maior
1235 2145 1236 2160 ,

166 2195 206 2239 ex
217 2179 525 2254 iratribusPhilippus
537 2185 663 2239 secutus
674 2179 921 2240 inAthamaniam
935 2181 1043 2240 luerat
1064 2177 1148 2240 hunc

166 2264 243 2323 torte
262 2261 386 2336 ingenio
407 2279 518 2323 vanum
539 2262 640 2323 Aetoli
661 2268 692 2322 et
711 2262 882 2324 Antiochus
908 2263 1091 2339 impulerant
1115 2265 1144 2323 in

166 2361 269 2422 spem,
295 2347 380 2422 quod
400 2345 426 2406 is
442 2362 515 2408 vere
528 2361 635 2422 regum
650 2345 754 2422 stirpis
774 2353 872 2418 esset,
898 2345 986 2423 regni
998 2347 1144 2409 Maccdo-

165 2432 249 2507 niae,
262 2430 289 2493 si
299 2431 532 2510 Amynandrum
545 2430 795 2505 Athamanesque
801 2429 954 2493 Antiocho
966 2429 1144 2492 coniunxis-

165 2523 222 2576 set.
244 2523 274 2578 et
288 2530 325 2574 ea
336 2516 454 2576 vanitas
465 2515 688 2592 promissorum
699 2529 761 2576 non
774 2515 857 2590 apud
867 2514 1040 2592 Philippum
1050 2517 1144 2576 modo
1234 2547 1235 2550 π

165 2601 222 2660 sed
237 2600 327 2662 etiarn
342 2600 425 2676 apud
440 2599 674 2678 Amynandrum
687 2599 790 2659 valuit

249 2683 381 2743 XLVIII.
414 2685 447 2742 ln
467 2683 586 2744 Achaia
609 2681 718 2759 legatis
738 2682 882 2745 Antiochi
901 2683 1143 2760 Aetolorumque

165 2782 268 2826 coram
279 2768 312 2826 T.
326 2766 463 2840 Quinctio
476 2767 565 2842 Aegii
577 2767 681 2827 datum
693 2773 741 2827 esi
751 2766 922 2828 concilium.
943 2767 1086 2830 Antiochi
1101 2769 1141 2828 le

164 2856 253 2924 gatus
269 2848 354 2924 prior
369 2865 460 2924 quam
473 2847 575 2910 Aetoli
590 2858 638 2911 est
651 2851 783 2910 auditus.
804 2851 846 2922 is,
862 2857 896 2912 ut
909 2851 1049 2927 plerique
1064 2867 1141 2926 quos

164 2947 242 3008 opes
253 2933 357 3008 regiae
367 2935 459 3007 alunt,
473 2933 657 3010 vaniloquus
668 2933 765 2994 maria
774 2942 936 3010 terrasque
946 2933 1031 2996 inani
1041 2935 1141 2996 sonitu

164 3015 329 3077 verborum
344 3018 517 3093 complevit.
549 3019 685 3095 equiturn
706 3017 957 3079 innumerabilem
979 3019 1038 3078 vim
1059 3019 1140 3080 traici
1233 3033 1234 3062 ³

164 3099 364 3177 Hellesponto
388 3101 419 3160 in
438 3101 609 3178 Europam,
634 3102 744 3178 partim
769 3103 930 3177 loricatos,
956 3117 1037 3178 quos
1062 3109 1139 3164 cata·

165 3184 310 3260 phractoa
325 3191 451 3260 vocant,
467 3187 575 3261 partim
590 3185 708 3260 sagittis
719 3201 758 3246 ex
770 3199 852 3260 equo
865 3185 991 3260 utentis,
1008 3194 1039 3248 et
1049 3205 1069 3248 a
1081 3204 1139 3263 qno

164 3267 237 3328 nihil
251 3269 326 3331 satis
341 3269 411 3330 tecti
426 3271 480 3342 sit,
501 3284 611 3330 averso
631 3267 809 3345 retirgientis
824 3285 905 3345 equo
920 3269 1033 3332 certius
1048 3271 1139 3346 iigen—

164 3359 220 3411 tes.
241 3351 289 3414 bis
305 3353 499 3428 equestribus
516 3353 615 3428 copiis
630 3369 816 3428 quamquam
831 3355 879 3413 vel
894 3354 987 3414 totius
998 3353 1139 3431 Europae

165 3435 318 3496 exercitus
333 3437 362 3494 in
378 3451 472 3496 unum
489 3437 585 3496 coacti
601 3435 688 3496 obrui
708 3443 850 3512 possent,
874 3435 1025 3498 adiciebat
1045 3440 1136 3500 miriti-
