2506 3898
207 179 270 243 280
336 177 450 238 ticeli
465 177 611 238 xxtvtl.
635 177 717 238 cnr.
734 187 834 240 nana
858 186 893 252 p.
907 184 977 238 oo.
991 187 1054 252 aaa]

207 331 285 392 inter
300 345 335 391 se
350 329 488 406 partibus
504 343 573 388 cum
588 335 816 403 oppugnarent,
832 335 862 386 et
875 327 1016 388 viderent
1030 331 1097 389 sine
1111 347 1171 406 ops-

206 415 302 488 ribus,
321 413 413 472 armis
429 412 584 486 scalisque
599 412 668 486 capi
683 427 744 472 non
758 426 864 486 posse,
884 412 1013 472 missum
1028 413 1068 472 ab
1082 414 1173 474 Antio-

207 498 265 558 cho
289 494 475 571 praesidium
498 495 586 555 trium
607 495 720 556 milium
747 501 933 555 armatorum
952 511 1023 556 curn
1045 495 1174 556 intrasset

208 581 322 652 urbem,
338 579 491 653 extemplo
507 578 736 654 oppugnatione
751 577 867 638 omissa
882 577 992 639 classis
1004 579 1048 638 ad
1059 580 1175 640 insulam

207 679 242 725 se
262 662 392 737 recepit,
413 661 486 720 nihil
506 661 590 722 aliud
605 677 695 736 quam
710 661 898 738 depopulato
914 663 997 722 circa
1011 662 1120 722 urbem
1131 663 1174 724 ho-

207 748 296 808 stium
312 761 396 820 agro.
428 741 518 804 XXII.
546 745 617 806 inde
632 744 745 821 placuit
757 745 924 806 Eumenem
939 747 1067 807 domum
1085 747 1176 806 dimitti

206 840 237 892 et
251 843 437 906 praeparare
458 829 578 890 consuli
596 835 688 903 atque
709 829 857 890 exercitui
878 846 958 907 quae
972 831 1015 891 ad
1031 832 1176 892 transitum

205 913 396 988 Hellesponti
410 928 490 988 opus
503 919 622 986 essent,
642 913 811 973 Romanam
825 913 1043 990 Rhodiamque
1059 915 1177 976 classen

205 998 305 1058 redire
320 996 454 1070 samum,
476 1003 568 1072 atque
582 996 623 1056 ibi
638 996 668 1057 in
684 997 815 1058 statione
829 1013 909 1072 esse,
926 1014 966 1058 ne
977 997 1178 1076 Polyxenidas

206 1081 244 1142 ab
258 1080 383 1156 Epheso
405 1087 550 1141 moverat
581 1095 637 1140 rex
649 1079 788 1152 Elaeam,
809 1082 938 1142 Romani
951 1097 990 1142 ac
1002 1082 1121 1142 Rhodii
1134 1081 1179 1142 Sa·

210 1181 292 1228 mum
305 1166 470 1227 redierunt.
496 1165 537 1226 ibi
551 1163 752 1226 ill-Aemilius
767 1165 860 1226 irater
874 1163 1029 1242 praetoris
1046 1167 1178 1226 decessit.

209 1250 320 1312 Rhodii
332 1246 492 1312 celebratis
505 1249 670 1325 exsequiis,
683 1247 833 1310 adversus
846 1251 987 1322 classem,
1001 1265 1101 1325 quam
1112 1251 1180 1308 lama

208 1341 273 1396 erm
292 1349 332 1394 ex
348 1333 440 1412 syna
458 1334 579 1408 venire,
599 1331 746 1394 tredecim
766 1333 830 1394 suis
851 1331 982 1394 navibus
1003 1341 1038 1395 at
1053 1349 1116 1393 una
1129 1331 1179 1392 Coa

208 1417 433 1494 quinqueremi,
456 1417 551 1476 altera
572 1416 693 1490 Cnidia,
712 1416 870 1491 Rhodum,
890 1424 924 1478 ut
944 1417 986 1476 ibi
1006 1417 1041 1476 in
1062 1417 1180 1477 statione

207 1508 327 1576 essent,
356 1498 485 1576 proiecti
510 1507 590 1561 sunt.
625 1498 720 1560 biduo
746 1507 910 1575 antequam
935 1500 1100 1562 Eudamus
1124 1516 1178 1560 cun

207 1588 308 1645 classe
328 1584 366 1643 ab
389 1582 481 1643 Samo
502 1583 633 1654 veniret,
658 1583 804 1644 tredecim
818 1585 856 1644 ab
870 1583 981 1646 Rhodo
1004 1601 1109 1646 naves
1123 1600 1179 1644 cum

206 1665 395 1742 Pamphilida
408 1667 563 1742 praelecto
579 1666 730 1728 adversus
742 1667 871 1728 eandem
884 1667 1048 1745 Syriacam
1060 1671 1179 1729 classem

205 1750 328 1822 missae,
342 1749 511 1825 adsumptis
523 1749 653 1811 navibus
666 1757 809 1827 quattuor
821 1767 902 1828 quae
912 1751 1020 1812 cariae
1032 1749 1179 1829 praesidio

207 1840 301 1906 erant,
323 1833 574 1910 oppugnantibus
591 1835 683 1910 regiis
698 1835 835 1896 Daedala
848 1841 878 1896 et
892 1836 1047 1910 quaedam
1063 1837 1123 1897 alia
1135 1833 1179 1892 Pa·

207 1933 299 1978 raeae
314 1921 440 1979 castella
455 1918 616 1980 obsidione
631 1927 818 1984 exemerunt.
839 1919 1008 1981 Eudamum
1026 1916 1178 1982 confestim

207 2003 292 2062 exire
313 2003 435 2077 placuit.
469 2001 590 2063 additae
604 2003 675 2064 huic
691 2019 816 2079 quoque
831 2005 956 2064 suntad
972 2017 1043 2064 earn
1058 2005 1179 2064 classem

208 2103 299 2161 aquarn
313 2085 446 2146 habebat
460 2101 514 2146 sex
531 2093 655 2161 apertae
669 2101 774 2147 naves.
810 2088 968 2163 proiectus
983 2103 1073 2161 cunr,
1096 2101 1178 2161 quan-

207 2176 270 2228 turn
286 2171 459 2228 accelerare
472 2175 601 2243 poterat,
616 2177 809 2245 maturasset,
824 2172 864 2230 ad
875 2177 1004 2246 portum,
1021 2187 1116 2247 quem
1126 2169 1178 2227 lile

206 2251 305 2324 gisten
318 2259 440 2323 vocant,
457 2267 659 2327 praegressos
676 2255 884 2330 consequitur.
906 2253 978 2315 inde
993 2271 1058 2316 uno
1070 2253 1181 2330 mnino

205 2331 396 2393 Phaselidem
413 2350 480 2395 cutn
494 2336 661 2410 venissent,
678 2337 825 2413 optimum
835 2337 935 2399 visum
951 2346 999 2398 est
1011 2339 1056 2400 ibi
1070 2339 1180 2398 hostem

208 2415 351 2492 opperiri.
386 2417 491 2479 XXlll.
514 2419 544 2478 in
566 2420 698 2482 confinio
719 2422 832 2499 Lyciae
855 2429 885 2482 et
898 2421 1102 2500 Pamphyliae
1114 2419 1180 2478 Pha·

207 2501 279 2561 selis
296 2508 358 2561 est.
374 2503 525 2578 prominet
536 2505 677 2580 penitus
669 2523 699 2564 m
712 2506 802 2566 altum
805 2506 1080 2582 ,conspiciturque
1092 2504 1180 2580 prima

208 2592 354 2646 terrarum
368 2587 510 2650 Rhodum
524 2605 543 2648 a
558 2589 660 2649 Cilicia
680 2589 868 2664 petentibus,
891 2596 922 2649 et
941 2590 1050 2665 procul
1065 2587 1180 2648 navium

207 2667 334 2744 praebet
351 2679 558 2748 prospectum.
590 2688 628 2732 eo
648 2671 795 2746 maxime,
817 2681 849 2732 ut
866 2673 896 2732 in
914 2673 1006 2734 obvio
1023 2670 1119 2734 classi
1133 2657 1221 2728 lio-l

207 2755 298 2813 stium
313 2763 426 2827 essent,
442 2757 557 2816 electus
572 2755 660 2817 locus
675 2762 732 2816 est.
767 2763 916 2832 ceterum,
939 2758 1024 2832 quod
1037 2773 1102 2818 non
1116 2769 1221 2840 pro-t
1220 2723 1221 2798 i

206 2836 362 2909 viderunt,
384 2845 415 2898 ct
434 2839 503 2898 loco
524 2837 610 2912 gravi
625 2846 807 2914 ettempore
821 2840 946 2900 anni-
957 2840 1093 2901 medium
1108 2837 1221 2898 enim
1220 2873 1221 2910 ,

207 2919 332 2978 aestatis
357 2927 489 2994 erat-,
516 2920 555 2980 ad
575 2921 635 2983 hoc
655 2923 777 2984 insolito
802 2924 933 2985 odore
924 2939 1069 3020 ingruere
1089 2920 1177 2984 morbi

205 3003 307 3075 vulgo,
323 3002 453 3062 maxima
468 3004 497 3062 in
513 3005 660 3081 remigeS,
677 3015 854 3082 coeperunt.
891 3007 979 3067 cuius
995 3006 1221 3083 pestilentiae

206 3092 288 3146 metu
303 3085 430 3160 proiecti
446 3101 515 3147 cum
529 3091 834 3164 praeterveherentur
847 3089 1062 3169 Pamphylium
1077 3091 1175 3156 sinum,
1220 3081 1221 3166 l

206 3170 246 3230 ad
272 3169 530 3246 Eurymedontem
559 3189 678 3234 amnem
703 3177 835 3250 appulsa
864 3175 966 3235 classe
995 3175 1121 3236 audiunt
1144 3170 1221 3228 obl

205 3253 373 3329 Aspendiis
382 3252 534 3315 adsidam
545 3256 643 3318 hostis
656 3273 737 3318 esse.
751 3259 868 3320 tardius
881 3258 1101 3332 navigaverant
1110 3251 1176 3326 regii

207 3337 338 3398 adverso
359 3343 497 3413 tempore
510 3339 695 3414 Etesiarum,
722 3342 807 3418 quod
820 3343 903 3402 velut
917 3347 1029 3402 statum
1042 3337 1174 3400 Favoniis

211 3415 309 3477 tentis
335 3426 392 3481 est.
421 3420 610 3482 Rhodiorum
632 3424 711 3484 duae
732 3431 762 3484 et
783 3425 902 3500 triginta
923 3422 1131 3502 quadriremes
1150 3426 1174 3477 ct
1220 3461 1221 3528 3
