2482 3902
128 177 189 242 ma
261 175 377 236 rmus
390 173 523 236 mmm.
547 173 975 253 cne.rr.rr.[2.u.0.sss1

208 330 283 390 Cum
297 326 348 388 hia
363 335 461 388 status
475 342 578 388 rerum
598 323 629 386 in
643 324 722 388 Asia
742 324 935 401 Graeciaque
956 332 987 386 et
1005 325 1115 386 Mace·

125 413 218 475 donia
232 421 332 484 esset,
354 411 481 471 vixdum
496 409 657 473 terminato
673 425 743 470 cum
752 408 895 486 Philippo
910 409 1009 484 bello,
1030 425 1116 486 pace

124 506 208 560 certe
233 495 370 558 nondum
390 501 581 570 perpetrata,
609 493 719 570 ingens
739 493 771 554 iu
791 493 942 570 Hispania
961 493 1115 563 ulteriore

124 589 265 644 coortum
281 588 330 642 est
342 579 465 640 bellum.
500 577 542 640 Μ.
557 576 686 638 Helvius
701 593 771 640 eam
784 577 975 654 provinciam
990 578 1114 639 obtine-

123 667 185 728 bat.
223 665 251 726 is
260 663 374 726 littaris
390 671 531 724 senatum
545 661 710 724 certiorem
724 660 797 723 lecit
812 661 957 724 Culcham
972 669 1003 723 et
1015 662 1114 724 Luxi-

124 749 208 810 nium
221 749 347 824 regulos
361 747 393 808 in
407 747 500 808 armis
515 763 604 819 esse;
619 744 813 809 cumculcha
826 746 977 808 decernet
989 753 1115 822 septem

125 833 256 910 oppida,
273 847 342 892 cum
355 829 486 892 Luxinio
501 830 621 892 validas
636 830 731 892 urbas
746 829 928 892 Carmonem
947 836 978 890 et
990 829 1113 890 Bardo-

125 933 195 978 nem
214 915 245 976 in
266 913 416 975 maritima
437 931 492 976 ora
510 914 681 976 Malacinos
701 913 938 990 Sexetanosque
952 921 984 974 ct
996 913 1114 975 Baetu-

123 1003 200 1062 riam
215 1015 345 1073 omnem
360 1007 392 1060 et
407 1015 487 1076 quae
498 999 635 1065 nondum
645 997 766 1060 animos
777 997 971 1070 nudaverint,
986 998 1029 1058 ad
1042 998 1114 1058 frtri-

123 1085 266 1148 timorum
286 1091 388 1146 motus
409 1091 654 1146 consurrectum.
694 1080 744 1144 his
765 1079 873 1144 litteris
895 1098 914 1142 a
936 1082 978 1141 ll.
1000 1080 1113 1157 Sergio

123 1175 277 1246 praetore,
291 1167 379 1230 cuius
394 1165 564 1230 iurisdictio
579 1167 659 1234 inter
674 1164 752 1226 civis
767 1165 811 1244 [et
822 1166 1018 1245 peregrinos]
1035 1175 1111 1240 erat,

123 1252 260 1314 recitatis
276 1253 481 1314 decreverunt
494 1259 614 1327 patres,
640 1259 674 1313 ut
694 1249 826 1312 comitiis
847 1259 1025 1326 praetorum
1039 1265 1113 1326 par-

125 1336 229 1411 iacus,
259 1337 310 1400 cui
334 1333 471 1413 praetori
498 1334 658 1411 provincia
682 1333 834 1410 Hispania
859 1335 1054 1409 obvenisset,
1083 1333 1113 1394 is

124 1421 224 1498 primo
249 1437 376 1497 quoque
395 1430 534 1494 tempore
554 1419 594 1480 de
614 1420 696 1480 bello
717 1417 886 1494 Hispaniae
907 1419 948 1480 ad
968 1425 1114 1480 senatun

124 1507 263 1566 referret.

207 1589 301 1650 XXII.
322 1586 387 1648 Sub
402 1585 484 1647 idem
498 1593 620 1662 tempus
635 1589 782 1649 consules
796 1587 926 1650 Romam
946 1595 1111 1660 venerunt,

126 1671 240 1749 quibus
254 1671 286 1732 in
300 1671 379 1732 aede
393 1670 540 1731 Bellonae
561 1679 701 1732 senatum
721 1671 907 1733 habentibus
928 1669 1110 1747 postulanti·

124 1757 248 1831 busque
268 1754 454 1830 triumphum
474 1755 514 1816 ob
534 1770 586 1816 res
606 1771 758 1832 prospere
778 1755 861 1820 bello
876 1762 981 1832 gestas
997 1755 1029 1816 c.
1043 1753 1110 1817 Ati·

125 1839 196 1900 nius
210 1839 314 1900 Labeo
330 1846 361 1900 et
372 1837 403 1900 0.
419 1838 566 1902 Afranius
580 1838 694 1901 tribuni
708 1838 825 1916 plebis,
839 1847 875 1902 ut
888 1840 1056 1916 separatim
1070 1839 1112 1900 da

125 1921 278 2000 niumpbo
294 1930 421 2000 agerent
442 1924 603 1999 consules,
624 1927 838 2000 postularunt:
859 1939 1053 1986 communem
1074 1939 1112 1982 se

125 2005 306 2070 relationem
321 2008 359 2067 de
374 2024 412 2068 ea
425 2024 459 2070 re
474 2007 541 2070 fieri
556 2024 618 2069 non
632 2024 800 2084 passuros,
823 2025 863 2069 ne
884 2024 941 2084 par
959 2008 1062 2070 bonos
1077 2005 1113 2066 in

126 2090 245 2168 dispari
265 2090 372 2152 merito
393 2101 486 2153 essct.
534 2107 603 2152 cum
625 2091 659 2166 Q.
673 2091 828 2154 Minucius
850 2090 972 2168 utrique
991 2089 1112 2154 ltaliam

126 2175 319 2251 provinciam
333 2175 481 2250 obtigisse
493 2174 618 2252 diceret,
633 2175 788 2238 communi
799 2175 901 2238 animo
914 2174 1112 2252 consilioque

127 2275 163 2320 se
189 2268 220 2320 et
244 2259 395 2334 collegam
418 2275 470 2320 res
496 2261 650 2336 gessisse,
675 2269 706 2322 et
726 2261 758 2322 G.
780 2259 940 2322 cornelius
972 2259 1112 2322 adiceret

126 2341 223 2406 Boios
238 2343 390 2404 adversus
406 2359 441 2404 se
457 2343 709 2420 transgredientis
723 2345 855 2419 Padurn,
879 2351 913 2408 ut
926 2343 1111 2406 Insubribus

128 2425 376 2504 Cenomanisque
390 2426 506 2490 auxilio
522 2435 642 2502 essent,
667 2429 879 2506 depopulante
898 2426 987 2490 vicos
1002 2443 1111 2488 eorum

128 2520 221 2587 atque
235 2528 328 2588 agros
344 2513 464 2588 collega
478 2513 587 2574 adsue
600 2512 715 2574 tuenda
735 2528 865 2575 aversos
887 2528 976 2588 esse,
996 2511 1112 2574 tribuni

126 2611 178 2656 res
193 2603 293 2658 tantas
307 2595 388 2658 bello
404 2595 544 2672 gessisse
558 2595 589 2657 0.
605 2597 777 2658 cornelium
791 2596 895 2670 lateri,
916 2603 950 2658 ut
969 2612 1032 2657 non
1046 2611 1112 2656 ma-

128 2680 176 2754 gis
193 2680 232 2739 de
251 2679 406 2754 triumpho
428 2679 495 2740 eius
518 2696 610 2755 quam
625 2680 665 2741 de
678 2681 798 2742 honore
813 2681 872 2742 diis
887 2678 1111 2742 immortalibus

127 2763 270 2822 habendo
287 2761 418 2824 dubitari
432 2763 542 2836 possit.
565 2780 628 2824 non
642 2773 744 2826 tamen
760 2781 818 2826 nee
833 2765 917 2826 illum
931 2781 989 2826 nac
1004 2779 1112 2840 quem-

130 2861 221 2921 quam
242 2844 333 2905 alium
356 2845 455 2904 civem
479 2853 595 2908 tantum
615 2848 713 2922 gratia
726 2857 821 2924 atque
836 2849 947 2925 opibus
962 2848 1114 2924 valuisse,

129 2938 162 2991 ut
184 2945 253 2990 eum
275 2927 335 2988 sibi
359 2927 499 2990 meritum
522 2930 708 3008 triumphum
733 2933 945 3010 impetrasset,
971 2933 1112 3008 collegae

128 3013 261 3073 eundem
282 3013 432 3074 honorem
451 3013 632 3078 immeritum
653 3017 848 3094 impudenter
874 3015 990 3093 petenti
1011 3018 1111 3078 daret

129 3096 163 3170 Q.
178 3096 343 3158 Minucium
359 3096 389 3156 in
409 3095 573 3175 Liguribus
593 3101 674 3162 levia
687 3101 821 3177 proelia,
836 3100 890 3161 vix
908 3101 1000 3177 digna
1016 3101 1110 3176 dictu,

127 3181 258 3255 iecisse,
280 3181 312 3241 in
333 3181 430 3243 Gallia
448 3200 593 3260 magnum
620 3201 780 3246 numerum
800 3184 930 3247 militum
948 3185 1110 3249 amisisse

129 3264 305 3327 nominatim
321 3265 412 3328 eliam
427 3266 565 3328 tribunos
580 3267 717 3344 rnilitum,
729 3270 762 3330 Τ.
772 3269 944 3332 Iuventium
959 3269 1109 3344 anigu-

128 3347 206 3408 rium
228 3350 358 3424 legionis
380 3361 522 3426 quartae,
548 3352 680 3414 adversa
702 3369 806 3428 pugna
826 3369 896 3415 cum
916 3352 1019 3414 multis
1040 3351 1109 3414 aliis

131 3432 204 3491 viris
225 3433 370 3508 sortibus,
394 3433 512 3495 civibus
527 3450 563 3494 ac
584 3435 694 3511 sociis,
717 3436 879 3500 cecidisse.
924 3437 1109 3514 oppidorum
