2506 3898
149 214 213 278 tia
256 211 371 272 creuit
384 208 534 272 xxxvia
557 207 639 270 cnr.
654 213 812 269 eaesae.
836 211 1042 280 [ababa]

150 381 265 444 uagam
277 364 425 427 Eumenis
440 360 613 438 cupiditati,
635 357 719 436 quod
734 357 924 419 iustissimae
938 355 1005 418 irae
1020 367 1150 418 vestrae

150 449 298 527 negastis.
330 444 443 509 Rhodii
458 451 488 505 et
502 443 533 506 in
547 444 608 506 hoc
623 449 654 506 et
666 443 697 504 in
715 440 858 503 omnihus
879 441 987 514 bellis,
1012 456 1098 517 quae
1118 442 1149 502 in
1247 466 1248 484 2

149 535 202 596 illa
216 549 271 595 ora
283 530 436 609 gessish's,
452 543 545 604 quam
559 527 630 590 lorti
643 523 792 602 fidelique
807 539 905 600 opera
918 539 977 586 vos
990 524 1150 586 adiuveri-

150 633 234 694 mus,
255 623 361 678 vestro
383 612 498 676 iudicio
512 608 726 687 relinquimus.
753 624 837 670 nunc
851 607 881 668 iu
897 623 979 684 pace
994 609 1029 668 id
1044 610 1149 670 eonsi-

151 703 224 762 lium
244 698 428 771 adferimus,
454 695 590 771 quodsi
612 692 866 770 comprobantis,
895 691 1152 768 magnificentius

150 801 209 846 vos
229 781 360 844 victoria
378 795 456 842 usos
476 793 550 842 esse
571 793 664 854 quam
677 776 795 840 vicisse
815 791 926 838 omnes
941 777 1151 838 existimaturi
1248 801 1249 832 r

151 867 242 928 sint“
264 874 338 942 apta
350 862 553 938 magnitudini
565 863 725 924 Romanae
739 859 838 922 oratio
852 859 924 922 visa
938 867 996 924 est

233 949 297 1008 Lv.
319 948 394 1008 Post
402 946 544 1009 Rhodios
553 945 698 1008 Antiochi
712 945 805 1021 legati
818 945 923 1007 vocati
938 953 1021 1006 sunt
1045 944 1068 1005 ii
1083 945 1150 1005 vul·

151 1040 221 1110 gato
234 1032 403 1108 petentium
416 1032 536 1094 veniam
547 1045 642 1104 more,
654 1045 791 1092 errorem
803 1029 881 1090 lassi
890 1029 985 1104 regis,
1002 1027 1152 1090 obtestati
1249 1101 1250 1106 ἵ

151 1122 223 1178 sunt
236 1123 343 1192 patres
358 1114 571 1191 consmiptos,
594 1121 629 1176 ut
642 1127 718 1176 suae
732 1111 838 1189 potius
854 1111 1039 1174 clementiae
1055 1128 1152 1190 quam

150 1199 233 1275 regis
248 1200 375 1275 culpae,
391 1201 445 1275 qui
460 1199 536 1260 satis
551 1211 709 1274 superque
723 1212 901 1274 poenarum¹
911 1194 1072 1270 dedisset,
1086 1211 1149 1258 me

152 1298 255 1346 mores
271 1284 483 1354 consulerent;
506 1290 665 1358 postremo
681 1295 791 1358 pacem
807 1281 911 1344 datam
922 1281 985 1342 aL.
998 1279 1152 1356 Scipione

152 1369 355 1442 imperatore,
372 1365 485 1440 quibus
499 1365 621 1441 legibus
634 1366 788 1440 dedisset,
803 1365 1025 1428 confirmarent
1041 1370 1151 1426 aucto·

151 1449 242 1512 riute
256 1464 324 1510 sua.
356 1457 387 1510 et
405 1455 533 1510 senatus
549 1465 615 1510 eam
631 1465 741 1524 pacem
756 1448 943 1510 servandam
959 1448 1098 1523 censuit,
1120 1455 1152 1509 et
1250 1497 1251 1506 ,

152 1547 273 1608 paucos
288 1538 361 1608 post
376 1532 443 1592 dies
457 1534 593 1608 populus
608 1533 708 1595 iussit.
732 1532 843 1594 loedus
860 1533 892 1592 in
908 1531 1062 1608 capitolio
1079 1547 1150 1598 cum

151 1616 314 1690 Antipatro
335 1615 476 1690 principe
496 1615 660 1690 legationis
681 1623 713 1678 el
732 1617 843 1678 eodem
865 1617 969 1677 lrauis
984 1616 1050 1678 illio
1066 1614 1151 1692 regis

151 1697 296 1758 Antiochi
311 1706 361 1760 est
373 1697 476 1758 ictum.

237 1780 371 1842 Auditae
387 1780 500 1844 deinde
514 1789 546 1845 et
558 1783 639 1846 aliae
650 1784 821 1858 legationes
833 1798 873 1844 ex
884 1783 963 1848 Asia
975 1791 1060 1846 suut.
1083 1783 1152 1859 qui-
1251 1755 1252 1766 ἵ

152 1864 213 1925 bus
230 1864 373 1926 omnibus
391 1865 495 1928 datum
517 1874 566 1929 est
584 1882 773 1944 responsum
794 1869 904 1930 decern
925 1867 1047 1944 legatos
1063 1883 1153 1930 more

152 1945 303 2022 maiorum
325 1955 467 2011 senatum
486 1951 654 2014 missurum
675 1952 716 2014 ad
735 1969 787 2016 res
801 1953 897 2012 Asiae
910 2027 914 2036 ⁸
925 1952 1153 2028 disceptandas

155 2033 462 2109 componendasque.
485 2049 638 2096 summam
651 2043 752 2096 umen
766 2036 848 2096 hanc
862 2037 945 2108 lore,
963 2043 996 2097 ut
1010 2036 1058 2098 cis
1071 2037 1152 2096 Tau·

151 2131 221 2175 rum
242 2123 393 2190 montem,
419 2133 499 2192 quae
520 2118 599 2178 intra
620 2120 710 2193 regni
730 2119 877 2182 Antiochi
899 2121 980 2182 lines
1007 2120 1155 2194 luissent,

153 2197 283 2258 Eumeni
303 2199 539 2260 attribuerentur
560 2208 684 2275 praeter
697 2203 825 2281 Lyciam
842 2203 1026 2280 Cariamque
1047 2220 1155 2281 usque

154 2281 195 2338 ad
205 2279 407 2341 Maeandrum
422 2298 559 2344 amnem:
581 2301 620 2346 ea
633 2293 668 2346 ut
683 2287 814 2350 civitatis
825 2287 1020 2350 Rhodiorum
1032 2296 1154 2350 esseut

155 2367 276 2424 ceterae
291 2363 429 2426 civitates
444 2366 549 2442 lisiae,
567 2385 648 2446 quae
660 2372 756 2432 Attali
769 2371 991 2446 stipendiariae
1007 2372 1153 2444 luissent,

155 2447 285 2542 eaedem
298 2447 428 2509 Euuneni
444 2452 573 2528 vectigal
594 2455 782 2530 penderent;
806 2471 888 2530 quse
903 2457 1075 2532 vectigales
1090 2459 1155 2516 An-

155 2530 250 2590 tiochi
264 2532 410 2607 luissent,
426 2549 483 2595 eac
496 2535 612 2598 liberae
626 2545 720 2612 atque
734 2539 885 2600 mumunes
902 2548 1018 2602 essent.
1042 2539 1157 2601 decem

155 2613 275 2687 legatos
290 2615 349 2676 hos
364 2616 585 2682 decreverunt:
618 2621 652 2696 Q.
668 2621 834 2684 Minucium
848 2624 965 2686 Rullum
978 2625 1012 2685 L.
1027 2623 1158 2686 Furium

155 2695 378 2774 Purpurionem
393 2699 427 2774 Q.
442 2700 611 2766 Minucium
626 2705 788 2768 Thermum
801 2707 862 2784 Ap.
880 2707 1043 2770 Claudium
1057 2709 1157 2770 Nero·

156 2795 227 2840 nem
243 2782 293 2842 Cn.
310 2781 484 2843 cornelium
498 2786 649 2849 Merulam
658 2788 700 2848 M.
711 2790 831 2852 Iunium
841 2792 970 2852 Brutum
982 2793 1016 2852 L.
1030 2794 1157 2854 Aurun-

157 2862 288 2956 culeium
307 2861 340 2921 L.
356 2865 521 2926 Aemilium
541 2869 669 2934 Paulum
689 2872 721 2932 Ρ.
738 2874 912 2937 Cornelium
932 2876 1102 2938 Lentulum
1123 2877 1157 2936 P.

155 2943 276 3040 Aelium
290 2945 493 3042 Tuberonem.
522 2951 601 3016 LVl.
624 2956 690 3033 his,
707 2974 788 3034 quae
802 2961 980 3035 praesentis
995 2959 1158 3037 discepta-

155 3033 382 3125 uonrsessent,
404 3029 503 3092 libera
524 3039 684 3104 mandata:
714 3043 755 3104 de
769 3059 891 3105 summa
903 3060 1008 3106 rerum
1024 3041 1157 3108 senatus

156 3118 322 3208 constituri.
350 3110 544 3210 Lycaoniam
564 3138 689 3188 omnem
709 3135 740 3189 et
757 3127 924 3208 Phrygiam
945 3137 1112 3206 utramque
1128 3138 1158 3190 el

156 3191 302 3286 lllynam,
323 3208 425 3288 regias
441 3199 557 3276 silvas,
573 3214 609 3268 'et
622 3210 742 3291 Lydiae
756 3211 926 3290 Ioniaeque
940 3221 1029 3275 extra
1043 3229 1084 3274 ea
1099 3229 1156 3289 op-

156 3276 243 3348 l³¹d³‚
271 3291 351 3350 quae
368 3276 466 3338 hbere
488 3283 639 3366 luissent,
667 3315 729 3373 quo
751 3297 801 3358 die
823 3313 894 3358 eum
907 3313 982 3373 rege
996 3297 1156 3358 Antiocho

155 3367 321 3470 gubulim
336 3365 397 3430 est,
423 3369 455 3420 et
475 3371 658 3440 nominatim
674 3381 863 3460 Magnesiam
883 3383 924 3442 ad
940 3380 1102 3461 Sipylum,
1127 3394 1157 3442 et

176 3449 269 3498 issam
283 3453 362 3512 ‘1³³0
372 3440 515 3518 Hydrela
525 3461 714 3542 appellatur,
727 3482 896 3541 agrumque
907 3465 1155 3546 Hydrelatauum
