2480 3904
154 184 414 272 aleenmlvss
427 209 664 278 expetesso.
678 219 974 293 [aeneasannos]
997 219 1058 286 169

71 361 170 422 dirett
191 376 304 424 novam
317 363 484 438 superbam
498 363 669 440 libidinem,
686 365 725 425 ab
740 368 854 430 nullius
870 377 941 432 ante
955 375 1055 448 gentis

41 483 45 492 ·
69 451 179 508 senatu
204 459 308 521 neque
333 446 541 509 desideratam
564 464 667 525 neque
687 449 864 514 institutam.
898 463 1057 530 postremo

68 531 170 606 ipsum
193 543 322 606 ulloque
340 529 535 608 Africanum,
558 534 642 608 quod
663 537 773 596 consul
795 539 990 612 auctoratus
1011 542 1057 602 rei

67 614 192 688 luisset,
214 612 407 692 paenituisse
421 615 530 676 icrunt.
561 617 640 680 adeo
656 618 729 680 nihil
746 627 861 682 mettun
876 635 915 684 ex
930 625 1056 702 antiquo

66 697 228 774 probabile
243 703 306 760 esta
326 698 492 774 veteribus,
510 700 569 760 nisi
587 717 667 776 quae
681 718 758 764 usus
773 704 932 768 evidenter
947 709 1056 785 arguit,

66 781 140 844 stari
160 783 286 849 malunt.

151 865 216 940 LV.
237 865 392 944 Principio
412 866 498 940 anni,
527 883 588 944 quo
609 869 643 928 L.
666 871 824 934 Cornelius
847 873 881 948 Q.
903 875 1055 940 Minucius

67 951 215 1014 consules
230 950 366 1027 luerunt,
382 956 597 1014 terraemotus
612 954 654 1016 ita
668 955 767 1018 crebri
782 959 1007 1034 nuntiabantur,
1022 969 1056 1026 nt

66 1052 128 1098 non
142 1035 190 1095 rci
204 1041 321 1108 tantum
337 1033 436 1114 ipsius
452 1035 510 1096 sed
524 1037 670 1108 seriarum
685 1055 810 1116 quoque
825 1043 865 1105 ob
880 1043 912 1104 id
926 1045 1052 1107 indicta-

65 1135 134 1181 rum
148 1117 292 1182 homines
306 1119 459 1181 taederet:
486 1135 557 1180 nem
572 1136 674 1198 neque
688 1130 815 1186 senatus
830 1125 937 1186 haberi
953 1143 1055 1204 neque

64 1218 116 1264 res
132 1202 258 1280 publica
270 1203 473 1265 administrari
483 1211 605 1280 poterat
615 1207 820 1270 sacrificando
833 1209 1056 1287 expiandoque

64 1287 229 1366 occupatis
249 1287 438 1366 consulibus.
473 1295 631 1366 postremo
653 1292 836 1356 decemviris
858 1293 943 1355 edire
957 1295 1057 1354 libros

64 1372 179 1448 iussis,
201 1387 243 1439 ex
261 1386 416 1450 responso
439 1388 547 1446 ‚corum
568 1375 754 1452 supplicatio
769 1392 826 1452 per
839 1376 974 1439 triduum
989 1378 1055 1440 luit

65 1457 206 1518 coronati
220 1455 261 1516 ad
276 1455 378 1520 omnia
391 1455 564 1532 pulvinaria
578 1459 839 1534 supplicaverunt,
856 1460 1055 1538 edictumque

65 1549 128 1613 cst,
148 1545 183 1602 ut
198 1555 304 1617 omnes
321 1539 374 1616 qui
389 1556 429 1602 cx
442 1558 505 1602 una
519 1541 633 1604 familia
647 1549 752 1604 essent
767 1545 881 1620 pariter
895 1546 1053 1621 supplica·

64 1631 142 1688 rent
174 1624 246 1686 item
265 1639 306 1688 cx
319 1625 499 1687 auctoritate
513 1632 639 1688 senatus
655 1627 800 1691 consides
815 1629 991 1704 edixerunt,
1013 1647 1054 1692 ne

65 1710 147 1787 quis,
172 1724 234 1786 quo
249 1707 299 1776 dte
313 1714 414 1770 terrac
428 1716 514 1771 motu
527 1711 664 1772 nuntiato
679 1711 774 1772 leriae
788 1712 920 1774 indictae
936 1721 1051 1788 essent,

63 1810 99 1858 en
119 1793 172 1862 die
192 1791 284 1862 aium
305 1799 533 1860 terraemotum
553 1793 714 1855 nuntiaret.
748 1797 924 1871 provincias
941 1798 1055 1860 deinde

65 1878 214 1940 consules
228 1877 325 1954 prius,
339 1883 403 1940 tum
417 1885 576 1954 praetores
593 1877 700 1940 sortiti.
724 1878 864 1943 Cornelio
877 1879 982 1954 Gallia,
997 1881 1053 1940 Mi·

65 1962 158 2025 nucio
173 1961 301 2038 Ligures
321 1967 507 2034 evenerunt;
536 1961 634 2026 sortiti
648 1969 810 2038 praetores
825 1963 856 2024 c.
873 1961 1054 2026 Scribonius

65 2048 232 2122 urbanam,
247 2045 288 2122 M,
302 2046 447 2108 Valerius
457 2047 665 2192 geregrinam,
683 2047 717 2107 L.
734 2046 893 2108 cornelius
908 2045 1054 2122 Siciliam,

64 2131 94 2192 L.
108 2129 243 2194 Porcius
258 2129 440 2208 Sardiniam,
481 2175 487 2190 .
499 2130 667 2193 Flaminius
677 2131 858 2208 Hispaniam
872 2131 1054 2207 citeriorem,

64 2215 101 2282 Μ.
116 2213 248 2280 thlvius
262 2214 443 2292 Hispaniam
457 2215 642 2276 anteriorem.

148 2299 229 2359 LVI.
250 2299 329 2359 Nihil
350 2314 388 2360 eo
411 2316 492 2360 anno
514 2298 585 2360 belli
605 2299 857 2378 exspectantibus
873 2300 1054 2362 oonsulibus

65 2383 184 2447 litterae
208 2381 250 2446 M.
274 2382 422 2446 Ganii—
438 2384 613 2460 praelectus
640 2385 667 2444 is
688 2383 768 2446 Pisis
793 2383 1053 2458 erat-adlatae,

63 2467 212 2545 Ligurum
224 2467 332 2544 viginti
346 2468 428 2533 milia
443 2473 638 2540 armatorum,
655 2466 866 2530 coniuratione
881 2467 1054 2543 peremnia

64 2551 273 2614 conciliabula
297 2553 461 2614 universae
485 2553 585 2627 gentis
607 2551 702 2624 iacta,
727 2549 901 2612 Lunensem
922 2548 1053 2624 primum

64 2653 174 2712 amum
195 2635 419 2714 depopulatos,
439 2636 585 2703 Pisanum
605 2635 717 2696 deinde
731 2634 826 2696 linem
837 2640 1052 2707 transgressos

65 2736 190 2800 omnem
210 2736 295 2784 oram
310 2721 403 2782 maris
418 2735 613 2798 peragrasse.
647 2719 752 2794 itaque
765 2717 918 2780 Minucius
933 2717 1053 2792 consul,

64 2806 112 2868 cui
128 2805 262 2881 Ligures
279 2804 440 2881 provincia
454 2811 614 2878 evenerat,
637 2819 677 2866 ex
692 2802 870 2864 auctoritate
885 2807 1006 2877 patrum
1022 2801 1053 2862 in

64 2888 183 2968 Rostra
197 2889 338 2952 escendit
351 2897 382 2950 et
396 2889 501 2964 edixit,
515 2893 549 2950 ut
564 2887 703 2964 legiones
718 2888 799 2950 duae
809 2886 955 2962 urbanae,
973 2901 1052 2962 quae

64 2974 230 3054 superiore
251 2991 333 3036 anno
356 2974 551 3050 conscriptae
573 2978 694 3046 essent,
716 2977 789 3047 post
803 2971 884 3034 diem
900 2970 1051 3035 decimum

63 3058 179 3120 Arretii
200 3058 361 3122 adessentt
382 3058 413 3118 in
428 3073 533 3118 earnm
548 3058 651 3118 locum
667 3071 702 3117 sc
717 3055 794 3119 duas
810 3056 948 3132 legiones
962 3056 1052 3118 urba·

63 3159 120 3204 nas
137 3143 333 3219 scripturum.
366 3143 438 3204 item
456 3140 550 3204 sociis
566 3145 596 3200 et
608 3141 716 3202 Latino
731 3139 855 3214 nomini,
871 3135 1054 3214 magistrati·

62 3226 123 3288 bus
146 3227 320 3304 legatisque
334 3242 457 3300 corum,
479 3225 531 3304 qui
546 3225 655 3286 milites
671 3223 745 3296 dare
760 3223 927 3296 debebant,
949 3221 1055 3294 edixit,

62 3311 144 3372 utin
160 3309 310 3388 Capitolio
325 3327 361 3372 se
377 3311 505 3378 adirent.
533 3308 572 3370 iis
588 3307 764 3386 quindecim
776 3305 858 3378 milia
872 3301 1009 3382 peditum
1024 3310 1056 3364 ct

64 3395 254 3470 quingentos
276 3393 413 3472 equites,
436 3410 493 3471 pro
509 3407 637 3454 umnero
655 3391 806 3468 cuiusque
819 3387 984 3463 iuniorum,
1008 3385 1056 3448 di-

63 3478 210 3556 scripsitt
224 3485 256 3544 et
268 3479 341 3540 inde
355 3493 396 3542 ex
408 3477 559 3556 capitolio
570 3477 713 3558 protinus
728 3475 773 3535 ire
784 3473 825 3538 ad
835 3478 965 3550 portam,
981 3478 1012 3532 et
1024 3477 1055 3535 ai
