2482 3900
268 204 385 263 LIBER
400 203 504 264 XXXI.
529 204 612 267 cAl‘.
626 211 670 267 29.
694 212 730 278 [a.
743 211 775 263 C.
787 211 851 279 holt]
1005 207 1046 270 25

59 356 153 434 legati
175 355 233 416 iter
254 356 477 431 accelerarunt,
503 361 533 417 et
554 373 573 415 a
593 359 721 418 consule
748 359 862 420 missus
883 360 916 419 L.
936 361 1046 424 Furius

57 441 212 516 Purpurio
234 440 355 514 legatus
376 440 469 500 venit.
507 439 739 502 Atheniensium
761 459 885 520 quoque
900 445 990 521 legati
1006 448 1045 506 ad

56 526 89 586 id
105 522 272 586 concilium
287 531 494 584 occurrerunt.
532 523 622 600 primi
635 525 832 600 Macedones,
848 543 918 588 cum
933 529 1046 604 quibus

54 608 307 670 recentissimum
322 607 433 669 loedus
449 615 522 681 erat,
538 609 632 670 auditi
647 617 727 670 sunt.
754 604 806 686 qui
820 612 903 672 nulla
916 629 997 674 nova
1012 627 1046 672 rc

55 692 132 754 nihil
155 708 192 752 se
213 689 286 753 novi
307 691 438 765 habere,
461 691 545 768 quod
562 692 731 765 adferrent,
752 693 909 756 dixerunt=
933 697 1046 771 quibus

56 776 138 838 enim
162 777 203 837 de
224 776 328 837 causis
349 783 477 852 experta
497 773 595 836 inutili
616 775 763 838 societate
782 778 921 839 Romana
935 796 1044 855 pacem

56 878 128 922 cum
137 859 283 936 Philippo
299 859 455 934 fecissent,
471 858 671 935 compositam
687 862 781 922 semol
799 878 907 936 pacem
918 879 1044 924 servare

55 961 114 1006 ecs
132 944 260 1004 dehere.
296 959 355 1018 „an
369 942 499 1004 ἰιιιὶιιιιίιι
520 941 619 1018 inquit
631 960 712 1005 unus
728 961 767 1004 ex
782 944 891 1022 legatis
911 947 1044 1022 „Roma-

54 1044 168 1090 norum
183 1026 349 1101 licentiam,
369 1043 407 1087 an
422 1025 575 1089 levitatem
590 1027 699 1102 dicam,
714 1028 878 1089 mavultis?
905 1031 956 1106 qui
972 1047 1041 1092 cum

54 1113 167 1190 legatis
188 1109 303 1175 vestris
317 1113 435 1172 Romae
455 1111 639 1186 responderi
656 1112 698 1190 ita
712 1113 892 1172 iussissent:
916 1114 987 1188 quid
1004 1114 1043 1174 ad

55 1215 116 1258 nos
139 1195 268 1268 venitis,
290 1196 408 1267 Aetoli,
430 1193 497 1254 sine
512 1211 644 1270 quorum
657 1196 836 1256 arroteritae
852 1211 958 1271 pacem
975 1213 1044 1256 cum

55 1278 203 1356 Philippo
223 1277 363 1340 lecistis?
384 1277 464 1339 idem
485 1294 568 1339 nunc
588 1286 623 1340 ut
643 1279 756 1350 bellum
772 1295 876 1340 seeum
893 1280 1043 1340 adversus

54 1364 233 1440 Philippum
249 1361 363 1439 geratis
378 1363 543 1438 postulant.
579 1370 610 1423 et
623 1369 714 1422 antea
727 1370 854 1438 propter
868 1379 926 1424 vos
942 1371 972 1424 et
985 1379 1044 1439 pro

54 1450 146 1510 vobis
167 1463 255 1508 arma
275 1454 399 1522 sumpta
420 1447 569 1508 adversus
585 1463 654 1508 cum
669 1445 866 1508 simulabant:
889 1463 970 1508 nunc
984 1463 1043 1508 vos

54 1533 84 1594 in
98 1547 183 1610 pace
199 1547 272 1594 csse
288 1545 356 1590 cum
370 1528 512 1606 Philippo
528 1529 701 1606 prohibent.
731 1529 896 1592 Messanae
909 1539 943 1593 ut
957 1531 1042 1591 auxi-

52 1617 94 1678 lio
117 1623 245 1689 essent,
266 1613 364 1690 primo
385 1612 416 1674 in
438 1612 572 1674 Siciliam
592 1615 862 1687 transcenderunt3
888 1615 996 1676 iterum
1010 1619 1043 1676 ιιι

56 1701 237 1781 Syracusas
259 1713 429 1774 oppressas
450 1698 489 1759 ab
506 1697 805 1774 Carthaginiensibus
820 1698 851 1758 in
873 1697 1042 1760 libertatem

53 1787 244 1845 eximerent=
268 1789 299 1843 ct
311 1783 486 1844 Messanam
507 1789 537 1842 ct
554 1781 728 1860 Syracusas
749 1789 780 1844 et
799 1789 893 1844 totam
908 1781 1043 1844 Siciliam

52 1870 117 1945 ipsi
130 1868 258 1941 habent,
275 1865 518 1942 vectigalemque
533 1865 724 1941 provinciam
735 1867 896 1927 securibus
907 1875 938 1928 et
952 1865 1042 1926 lasci-

52 1953 112 2014 bus
125 1951 336 2012 subiecerunt.
353 1947 471 2011 scilicet
481 1947 561 2010 sicut
570 1965 627 2011 vos
639 1949 787 2024 Naupacti
800 1947 919 2026 legibus
930 1949 1044 2011 vestris

53 2054 112 2112 per
126 2035 329 2110 magistratus
341 2032 460 2094 avobis
473 2041 593 2095 creatos
606 2034 768 2094 concilium
779 2033 907 2108 habetis,
924 2034 1043 2094 socium

52 2121 246 2195 hostemque
265 2118 361 2178 libere
382 2133 473 2193 quem
493 2117 593 2178 velitis
607 2117 730 2190 lecturi,
754 2109 862 2193 p‘acem
878 2133 914 2178 ac
929 2117 1043 2178 bellum

53 2202 184 2265 arbitrio
204 2202 336 2263 habituri
356 2207 478 2275 vestro,
500 2200 546 2261 sic
564 2199 738 2262 Siculorum
759 2200 932 2262 civitatibus
948 2199 1042 2278 Syra-

53 2305 150 2350 cusas
173 2293 228 2347 aut
239 2285 416 2347 Messanam
437 2292 490 2346 aut
502 2283 681 2362 Lilybaeum
702 2285 845 2346 indicitur
866 2283 1044 2345 conciliumz

53 2380 183 2448 praetor
194 2373 353 2432 Romanus
366 2375 538 2431 conventus
549 2368 626 2444 agit;
648 2384 686 2430 co
696 2367 825 2445 imperio
837 2370 957 2430 evocati
970 2385 1042 2429 con·

52 2455 199 2526 veniunt;
234 2456 360 2516 excelso
382 2454 413 2514 in
434 2460 584 2528 suggestu
608 2453 743 2528 superba
767 2452 835 2513 iura
854 2453 1042 2525 reddentem,

53 2542 202 2616 stipatum
222 2536 379 2600 lictoribus
394 2537 515 2610 vident;
540 2535 644 2612 virgae
657 2543 754 2610 tergo,
777 2551 902 2596 secures
917 2532 1043 2594 cervici-

51 2625 114 2686 bus
129 2620 307 2692 imminent;
331 2628 362 2683 et
383 2620 547 2697 quotannis
563 2619 654 2680 alium
672 2625 765 2694 atque
779 2617 872 2678 alium
887 2615 1045 2677 dominum

53 2707 238 2770 sortiuntur.
271 2722 329 2768 nec
343 2707 374 2766 id
389 2704 491 2766 mirari
507 2703 620 2765 debent
633 2711 686 2764 aut
700 2709 841 2778 possunt,
856 2715 925 2762 cum
939 2698 1045 2760 ltaliae

52 2794 166 2869 urbes,
187 2791 320 2869 Regium
333 2791 496 2851 Tarentum
512 2789 662 2863 Capuam,
685 2803 724 2846 ne
738 2783 897 2858 finitimas,
914 2800 1043 2860 quarum

53 2877 155 2938 ruinis
179 2876 275 2938 crevit
295 2877 371 2938 urbs
384 2875 498 2950 Roma,
519 2865 690 2946 nominem,
711 2869 810 2931 eidem
829 2867 984 2931 subiectas
998 2867 1044 2927 vi·

54 2961 152 3022 deant
169 2959 308 3037 imperio.
341 2960 446 3036 Capua
460 2958 600 3035 quidem,
621 2957 797 3032 sepulcrum
811 2970 849 3015 ac
863 2969 1043 3014 monumen·

54 3053 120 3104 tum
136 3043 286 3121 Campani
306 3045 429 3120 populi,
451 3045 531 3104 elato
553 3049 584 3102 et
598 3038 712 3102 extorri
727 3039 825 3100 eiecto
841 3037 911 3114 ipso
926 3040 1046 3113 populo

55 3136 217 3204 superest,
239 3129 314 3190 urbs
334 3137 454 3200 trunca,
478 3126 545 3187 sine
560 3131 684 3193 senatu,
701 3123 767 3182 sine
782 3121 882 3198 plebe,
899 3121 966 3181 sine
980 3136 1043 3178 ma·

54 3211 254 3287 gistratibus,
273 3209 464 3287 prodigium,
478 3208 586 3269 relicta
603 3205 756 3268 crudelius
771 3205 937 3267 habitanda
953 3219 1044 3276 quam

56 3295 83 3355 si
108 3297 211 3357 deleta
231 3297 320 3357 toret.
353 3296 438 3354 luror
458 3300 521 3366 est,
543 3291 570 3353 si
585 3290 775 3365 alienigenae
794 3287 950 3357 homines,
972 3286 1044 3359 plus

56 3378 164 3454 lingua
186 3388 217 3440 et
236 3379 373 3441 moribus
398 3385 429 3439 et
453 3375 572 3452 legibus
592 3390 690 3451 quam
716 3375 809 3436 maris
833 3380 1044 3443 terrarumque

57 3462 162 3538 spatio
178 3462 314 3538 discreti,
334 3461 412 3522 haec
427 3459 593 3536 tenuerint,
611 3473 737 3534 sperare
753 3457 918 3533 quicquam
932 3451 1045 3514 eodem

1225 102 1228 244 l

1226 306 1229 364 ι
