2506 3898
218 191 281 257 284
351 193 466 254 hlssltlt
479 193 625 252 xxxvii.
649 191 730 252 chi).
747 201 788 254 ao.
802 199 846 255 at.
869 193 906 266 [a.
920 198 953 249 o.
968 215 992 248 c.
1006 199 1065 263 sci]

217 343 448 418 Hellespontum
468 342 639 416 proiectum
659 341 806 402 audierat
837 342 953 417 aliquid
968 343 1059 404 ctiam
1073 342 1198 404 inflabat

218 425 337 486 animos
352 425 462 485 classis
475 422 596 485 Rhodia
609 425 649 484 ad
664 422 789 484 Samum
806 440 863 500 per
877 425 1076 486 occasionem
1091 429 1197 488 lraude

217 515 431 585 praeparatam
443 508 613 581 absumpta.
636 506 684 566 his
696 508 800 580 fretus,
811 507 1003 585 Polyxenida
1016 505 1199 570 cum‘olasso

217 594 256 654 ad
277 591 483 667 temptandam
502 588 585 651 omni
609 591 702 651 modo
724 591 895 650 certaminis
917 591 1071 653 tonorum
1093 593 1197 664 misso,

216 677 285 751 ipse
306 675 413 750 copias
432 673 472 733 ad
486 672 606 734 Notium
630 673 721 733 ducit.
754 674 786 733 id
800 674 949 749 oppidum
963 674 1198 751 colophonium,

216 757 292 819 mari
306 756 475 826 imminens,
492 757 609 818 abesta
623 763 726 816 vetere
738 755 917 833 Colophone
931 758 993 819 duo
1008 760 1111 822 terme
1122 758 1198 820 milia

216 857 373 917 passuum.
407 849 437 900 et
450 840 549 916 ipsam
565 840 671 900 urbem
693 855 769 900 suae
790 839 950 916 potestatis
972 857 1046 902 esse
1065 844 1198 916 volebat,

215 925 293 984 adeo
316 924 521 1000 propinquam
534 924 677 999 Epheso,
698 931 733 984 ut
751 923 825 984 nihil
844 931 926 984 terra
945 926 1063 986 marive
1086 935 1197 1002 ageret,

218 1007 303 1083 quod
328 1023 391 1069 non
417 1007 586 1068 subiectum
607 1008 704 1067 oculis
726 1007 985 1083 colophoniorum
1005 1025 1045 1070 ac
1068 1026 1130 1085 per
1149 1025 1198 1068 eos

216 1092 495 1166 notum-extemplo
515 1091 661 1152 Romanis
686 1099 785 1164 esset,
811 1107 890 1165 quos
911 1092 1014 1154 auditu
1036 1091 1199 1154 obsidione

216 1191 277 1237 non
294 1175 452 1236 dubitabat
471 1175 512 1235 ad
527 1191 618 1251 opem
639 1175 742 1234 sociae
755 1175 824 1235 urbi
838 1175 994 1236 serendam
1009 1177 1151 1238 classem
1165 1177 1198 1234 ab

217 1257 309 1319 Samo
324 1267 476 1320 motur0s=
499 1275 566 1319 eam
582 1258 777 1319 occasionem
787 1257 997 1336 Polyxenidae
1011 1261 1054 1319 ed
1067 1276 1138 1320 rem
1152 1275 1197 1334 ge

219 1342 345 1402 rendam
357 1343 432 1404 tore.
448 1342 539 1416 igitur
550 1341 695 1418 operibus
708 1357 889 1417 oppugnare
899 1341 1005 1404 urbem
1018 1343 1197 1418 adgressus,

218 1426 258 1486 ad
272 1440 355 1484 mare
376 1425 513 1500 partibus
534 1425 654 1486 duabus
677 1427 790 1500 pariter
806 1424 1026 1490 munitionibus
1048 1427 1197 1499 deductis,

216 1508 368 1584 utrimque
381 1509 488 1568 vineas
504 1516 534 1569 et
548 1524 690 1583 aggerem
705 1525 792 1570 muro
807 1508 935 1570 iniunxit
946 1515 977 1570 et
990 1510 1198 1570 testudinibus

217 1592 327 1652 arietes
345 1591 487 1651 admovit.
522 1591 633 1667 quibus
648 1592 747 1655 territi
758 1593 845 1653 malis
862 1593 1044 1670 colophonii
1060 1601 1197 1654 oratores

218 1672 342 1734 Samum
364 1675 403 1733 ad
417 1675 450 1734 L.
465 1674 643 1747 Aemilium,
666 1677 758 1737 fldem
780 1679 929 1752 praetoris
950 1677 1130 1752 populique
1143 1678 1196 1738 lto·
1237 1703 1238 1742 t

217 1755 298 1816 mani
324 1757 537 1834 implorantes,
563 1759 718 1820 miserunt
754 1761 915 1822 Aemilium
936 1769 966 1822 et
987 1759 1074 1822 Sami
1098 1763 1196 1836 segnis

218 1840 270 1901 diu
285 1856 371 1902 mora
392 1841 584 1918 offendebat,
606 1844 679 1903 nihil
694 1845 792 1904 minus
808 1843 982 1921 opinantem
997 1859 1097 1920 quam
1112 1845 1194 1920 Poly·

217 1923 361 1987 xenidam
375 1926 423 1988 bis
438 1928 623 2006 nequiquam
637 1927 676 1988 ab
691 1943 726 1990 se
737 1935 935 2006 provocatum
947 1934 1136 2005 potestatem
1147 1946 1195 2004 pu·

218 2026 297 2086 gnae
318 2012 465 2074 iacturum
487 2029 572 2083 esse;
598 2021 629 2072 et
643 2021 730 2089 turpe
751 2012 943 2074 existimabat
955 2012 1109 2074 Eumenis
1125 2014 1196 2072 clas·

218 2109 283 2156 sem
298 2095 443 2156 adiuvare
458 2098 614 2157 consulem
629 2097 669 2157 ad
683 2097 865 2158 traiciendas
879 2097 910 2156 in
924 2097 1031 2158 Asiam
1047 2097 1196 2172 legiones,

219 2193 253 2236 se
269 2178 455 2252 Colophonis
471 2179 621 2240 obsessae
636 2181 764 2254 auxilio,
780 2182 923 2242 incertam
939 2181 1032 2242 finem
1046 2179 1196 2252 habituro,
1236 2175 1237 2210 ³

218 2259 356 2336 adligari.
389 2260 545 2322 Eudamus
566 2261 721 2336 Rhodius,
744 2265 796 2338 qui
817 2272 848 2324 et
865 2271 1004 2325 tenuerat
1024 2279 1096 2326 eum
1118 2262 1197 2324 sant
1236 2261 1237 2300 ³

218 2341 389 2416 cupientem
411 2343 566 2420 proticisci
586 2346 616 2405 in
631 2346 877 2422 Hellespontum,
900 2347 1063 2423 cunctique
1085 2349 1197 2407 instare

217 2431 247 2484 et
260 2425 364 2487 dicere
380 2434 493 2504 quanto
509 2431 605 2490 satius
617 2445 688 2491 esse
698 2433 749 2491 vel
761 2431 864 2493 socios
877 2431 1040 2492 obsidione
1051 2433 1196 2500 eximere,

216 2509 265 2568 vel
282 2507 392 2572 victam
406 2511 467 2572 iarn
481 2514 577 2573 semel
590 2515 719 2574 classem
733 2514 841 2575 iterum
852 2515 976 2575 vincere
986 2521 1017 2574 et
1029 2519 1125 2574 totam
1139 2528 1196 2572 ma-

216 2593 259 2652 ris
276 2596 508 2668 possessionem
523 2597 605 2658 hosti
619 2597 747 2672 eripere,
764 2615 854 2674 quam
871 2598 1001 2660 desertis
1017 2597 1125 2670 sociis,
1141 2605 1195 2656 tra-

217 2675 280 2736 dita
299 2679 451 2740 Antiocho
471 2680 550 2740 Asia
568 2687 649 2740 terra
668 2681 805 2758 marique
825 2682 855 2741 in
875 2682 1126 2756 Hellespontum,
1148 2676 1196 2739 ubi
1235 2711 1236 2754 t

217 2759 293 2818 satis
309 2770 392 2822 esset
405 2761 550 2824 Eumenis
566 2765 691 2837 classis,
713 2765 751 2824 ab
767 2781 824 2825 sua
838 2773 925 2840 parte
939 2765 1010 2826 belli
1025 2764 1194 2826 discedere
1235 2755 1236 2833 l

215 2839 336 2901 XXVll.
360 2844 488 2917 proiecti
509 2845 548 2905 ab
564 2844 654 2906 Samo
676 2847 716 2906 ad
730 2849 881 2923 petendos
896 2854 1102 2923 commeatus,
1125 2862 1193 2907 con·

216 2925 345 2998 sumptis
367 2926 426 2986 lam
447 2928 604 3003 omnibus,
626 2929 733 2991 Chium
748 2933 897 3006 parabant
911 2932 1049 2992 traicere.
1086 2931 1117 2991 id
1133 2933 1193 2988 erat

216 3005 359 3068 horreum
373 3011 535 3085 Romanis,
556 3028 657 3089 eoque
678 3029 785 3076 omnes
800 3031 839 3074 ex
853 3015 939 3075 ltalia
956 3015 1072 3076 missae
1088 3027 1192 3075 onera·

214 3092 279 3152 riae
300 3091 470 3168 dirigebant
492 3111 624 3157 cursum.
658 3098 852 3159 circumvecti
873 3098 912 3158 ab
932 3099 1008 3158 urbe
1030 3100 1069 3159 ad
1086 3110 1193 3158 aversa
1234 3151 1235 3164 ,

215 3174 334 3238 insulae
345 3209 387 3221 -
400 3179 520 3240 obiecta
541 3179 675 3256 aquiloni
690 3181 729 3242 ad
745 3181 851 3242 Chium
866 3189 896 3242 et
908 3182 1056 3260 Erythras
1073 3189 1192 3242 sunt-

216 3275 284 3321 cum
299 3269 443 3336 pararent
458 3263 600 3335 traicere,
620 3263 724 3326 litteris
744 3265 855 3327 certior
868 3265 901 3326 lit
916 3272 1039 3340 praetor
1054 3258 1191 3326 humenti

214 3341 276 3403 vim
296 3359 436 3419 maguam
460 3345 565 3408 chium
587 3361 626 3405 ex
645 3348 730 3408 ltalia
749 3348 888 3421 venisse,
913 3349 1016 3409 vinum
1038 3353 1190 3424 portantes

215 3439 309 3484 naves
339 3429 570 3504 tempestatibus
598 3436 732 3492 retentas
758 3446 838 3493 esse.
874 3432 964 3493 simul
988 3433 1122 3494 adlatum
1148 3433 1190 3490 est
1233 3453 1234 3494 t
