2480 3904
261 179 376 242 ttBER
386 181 508 242 XXXV.
532 179 614 242 chi).
629 189 675 243 29.
687 189 731 244 30.
755 189 792 256 [a.
804 187 837 240 O.
853 189 914 255 192]
1015 182 1073 248 201

89 333 182 394 dictis
200 333 329 408 perfuga
343 332 429 404 iecit,
452 347 544 406 quom
560 333 705 408 perculso
720 339 804 393 metu
817 331 1011 410 relinquendi
1027 351 1077 395 oa-

89 425 156 477 stra
168 431 295 476 causam
308 415 497 490 probabilem
510 413 660 490 praebuit
674 423 801 492 postero
814 415 865 477 die
871 417 1075 496 Pythagoram

89 515 162 561 cum
184 499 383 560 auxiliaribus
404 505 435 559 ct
455 499 592 574 equitatu
612 499 775 562 stationem
795 515 887 576 agere
911 517 967 578 pro
993 503 1072 565 vallo

89 584 201 648 iussit=
237 584 307 660 ipse
331 589 487 658 tamquam
510 580 542 643 in
567 583 665 644 aciem
690 599 760 646 cum
782 583 896 646 robore
921 586 1076 646 exercituo

87 682 239 744 egressus
254 668 343 742 signa
357 667 444 727 ocius
465 666 537 726 ferri
557 665 596 727 ad
611 666 719 728 urbem
731 666 830 728 iussit.
862 667 952 730 XXX.
974 667 1074 730 Phiio-

86 767 223 830 poemen
239 757 404 828 postquam
426 750 548 812 citatum
573 765 682 826 agmen
704 767 761 827 per
780 760 943 827 angustam
957 759 988 813 el
1003 767 1074 828 pro-

87 837 200 898 clivem
214 836 296 896 viam
311 835 382 894 duci
396 833 505 909 raptim
519 833 611 910 vidit,
633 835 801 910 equitatum
821 851 943 896 omnem
958 843 987 898 et
1003 836 1072 896 Cre

85 921 221 982 tensium
237 917 403 980 auxiliares
418 919 448 977 in
462 918 623 978 stationem
637 918 785 995 hostium,
802 935 883 996 quae
893 936 951 996 pro
964 920 1073 982 castris

86 1013 169 1080 crat,
190 1003 305 1064 emittit.
334 1002 376 1060 ilii
398 1001 449 1062 ubi
468 1000 567 1062 hostis
590 1002 703 1062 adesse
720 1009 750 1064 et
764 1018 783 1062 a
798 1004 862 1064 suis
879 1019 914 1064 se
929 1005 1072 1066 desertos

85 1090 246 1163 viderunt,
262 1087 361 1162 primo
377 1085 407 1144 in
422 1093 523 1146 castra
536 1087 676 1161 recipere
691 1101 727 1146 se
742 1087 842 1148 conati
857 1095 944 1158 sunt;
961 1087 1072 1148 deinde

88 1179 256 1249 postquam
277 1171 425 1231 instructa
447 1168 530 1230 acies
551 1175 616 1230 tota
627 1169 823 1230 Achaeorum
840 1170 1062 1231 admovebatur

85 1265 172 1318 metu
195 1271 235 1315 ne
259 1270 327 1315 cum
353 1252 431 1330 ipsis
457 1251 566 1314 castris
598 1249 796 1330 caperentur,
830 1254 920 1329 sequi
945 1271 1071 1318 suorum

86 1355 199 1418 agmen
216 1339 405 1413 aliquantum
420 1351 637 1414 praegressum
652 1337 804 1399 insistunt.
831 1339 985 1415 extemplo
1002 1354 1071 1400 oae-

86 1425 157 1486 trati
170 1423 368 1485 Achaeorum
389 1421 420 1482 in
437 1427 537 1482 castra
558 1421 701 1497 impetum
724 1420 838 1482 iaciunt
858 1427 888 1482 et
908 1421 1072 1498 diripiunt.

32 1568 39 1588 ‚
86 1508 182 1568 ceteri
198 1507 237 1567 ad
252 1506 488 1582 persequendos
502 1505 608 1566 hostes
624 1505 668 1565 ire
682 1513 821 1582 pergunt.
850 1511 916 1586 erat
929 1507 987 1566 iter
1000 1507 1061 1567 tale

87 1609 145 1668 per
159 1591 245 1667 quod
260 1591 312 1650 vix
326 1589 520 1664 tranquillum
536 1589 575 1649 ab
590 1589 693 1650 hostili
708 1597 791 1650 metu
804 1605 914 1665 agmen
930 1590 1068 1665 expedir

85 1683 211 1752 posset:
233 1681 266 1735 ut
286 1689 361 1734 vero
384 1673 424 1734 ad
445 1679 618 1748 postremos
638 1674 788 1748 proelium
805 1682 904 1735 ortum
925 1681 986 1748 est,
1008 1675 1069 1734 ela-

84 1774 217 1834 morque
230 1757 374 1820 terribilis
389 1757 428 1816 ab
443 1763 528 1832 tergo
543 1757 719 1832 paventium
740 1757 780 1820 ad
801 1757 899 1832 prima
918 1757 1008 1832 signa
1022 1766 1069 1820 est

86 1846 240 1921 perlatus,
262 1859 319 1919 pro
341 1857 376 1902 se
392 1841 526 1916 quisque
546 1840 639 1900 armis
661 1840 787 1901 abiectis
810 1841 841 1899 in
857 1841 1068 1902 circumiectas

85 1928 186 1990 itineri
202 1927 296 1988 silvas
312 1923 489 2000 diffugiunt,
507 1931 725 2000 momentoque
740 1923 887 2000 temporis
903 1930 1006 1999 strage
1020 1940 1068 1984 ar-

85 2027 205 2074 morum
228 2015 336 2086 saepta
355 2009 406 2068 via
426 2015 487 2083 est,
509 2008 642 2068 maxime
661 2007 774 2084 hastis,
800 2023 880 2082 quoe
901 2009 1069 2084 pleraeque

86 2097 240 2156 adversae
260 2095 405 2155 cadentes
426 2093 509 2152 velut
529 2095 610 2154 vallo
633 2092 752 2154 obiecto
774 2093 832 2153 iter
852 2091 1068 2168 impediebant.

85 2179 321 2256 Philopoemen,
336 2182 502 2251 utcumque
517 2183 660 2252 possent,
682 2178 796 2238 instare
810 2183 841 2237 et
854 2175 1000 2252 persequi
1016 2191 1067 2236 au·

83 2263 246 2324 xiiiarihus
266 2260 417 2322 iussis-
430 2260 537 2336 utique
565 2261 645 2320 enim
670 2259 824 2335 equitibus
844 2259 928 2320 haud
949 2259 1068 2320 facilem

84 2349 220 2408 loturam
235 2347 338 2422 lugam
351 2374 408 2418 —,
430 2343 499 2420 ipse
513 2345 637 2420 gravius
655 2359 764 2419 agmen
779 2343 830 2404 via
844 2341 1014 2419 patentiore
1029 2343 1068 2403 ad

83 2432 223 2493 Eurotan
244 2443 365 2490 amnem
386 2427 522 2488 deduxit.
553 2426 594 2487 ibi
616 2427 724 2488 castris
745 2427 803 2488 sub
825 2441 972 2486 occasum
991 2426 1067 2486 solis

84 2515 198 2591 positis
215 2517 314 2574 levem
335 2517 532 2584 armaturam,
556 2527 647 2584 quam
669 2511 709 2570 ad
729 2509 979 2585 persequendum
997 2507 1069 2568 reli·

86 2604 202 2676 querat·
211 2598 346 2670 hostem,
363 2595 589 2672 opperiebatur.
613 2593 664 2668 qui
678 2592 731 2653 uhi
746 2593 844 2668 prima
856 2589 962 2666 vigilia
974 2605 1067 2650 vene-

81 2689 172 2764 runt,
195 2681 370 2742 nuntiantes
391 2687 556 2756 tyrannum
578 2693 647 2738 cum
669 2677 776 2752 paucis
797 2675 838 2736 ud
851 2675 959 2736 urbem
974 2687 1063 2749 pene·

85 2775 196 2840 trasse,
206 2770 339 2827 ceteram
345 2761 566 2824 multitudinem
577 2763 722 2822 inermem
734 2767 797 2822 toto
810 2774 951 2836 sparsam
963 2757 1068 2834 vagari

84 2853 182 2926 saltu,
199 2863 332 2925 corpora
347 2863 455 2908 curare
469 2862 525 2908 eos
541 2846 634 2907 iubet.
656 2845 724 2922 ipse
739 2861 778 2906 ex
793 2851 895 2905 cetera
910 2842 1000 2919 copia
1013 2842 1067 2902 mi-

85 2936 186 3008 litum,
204 2933 258 3008 qui
275 2931 347 3008 quia
363 2931 482 3008 priores
497 2931 528 2990 in
543 2938 644 2991 castra
658 2937 817 3004 venerant,
832 2927 939 2989 relecti
954 2932 985 2988 et
999 2926 1067 2990 cibo

85 3029 209 3094 sumpto
229 3025 261 3078 et
280 3015 403 3077 modica
424 3015 525 3090 quiete
546 3021 646 3089 erant,
673 3015 825 3088 delectos,
851 3011 925 3072 nihil
946 3017 1069 3087 praeter

85 3103 207 3180 gladios
224 3117 329 3163 secum
344 3099 485 3172 serentis,
501 3101 653 3174 extemplo
669 3097 786 3171 educit,
807 3103 838 3158 et
852 3097 981 3156 duarum
996 3109 1068 3169 por·

87 3195 184 3248 tarum
209 3185 383 3257 itineribus
414 3197 494 3258 quae
518 3181 633 3243 Pharas
659 3197 800 3258 quaeque
824 3177 1068 3240 Barbosthenem

87 3275 202 3345 lerunt,
218 3285 274 3332 eos
290 3267 446 3340 instruxit,
471 3281 533 3342 qua
547 3281 586 3326 ex
601 3266 674 3342 luga
687 3271 867 3341 recepturos
882 3276 954 3322 sese
968 3259 1067 3320 hostis

88 3355 243 3416 credebat.
277 3365 429 3412 nereum
456 3349 559 3426 opinio
585 3347 699 3410 fefellit.
733 3365 803 3408 nam
822 3341 1068 3416 Lacedaemonii,

89 3438 194 3516 quoad
215 3435 293 3498 lucis
315 3434 466 3512 superfuit
487 3433 667 3508 quicquam,
693 3431 791 3492 deviis
817 3428 945 3490 callibus
966 3424 1068 3488 medio
