2480 3904
272 169 388 230 LIBER
398 169 532 230 mvi.
556 169 637 231 chi).
654 178 805 236 matra.
826 173 861 248 [a.
876 179 908 232 c.
922 176 983 254 191]
1055 173 1118 240 245

136 323 255 399 Aetoli,
281 320 412 384 coneilio
432 322 585 400 Hypatam
605 329 714 385 eoaoto
735 323 854 400 legatos
874 327 916 386 ad
934 328 1119 390 Antiochum
1234 299 1235 318 ³

136 407 302 482 misertmt,
323 404 401 468 Inter
421 421 501 482 quos
523 413 553 467 et
565 405 666 469 Thoas
686 405 768 468 idem
789 407 843 485 qui
857 417 888 471 et
900 419 992 472 antea
1005 411 1119 476 mIssus

136 499 196 555 est.
223 489 367 554 mandata
380 497 482 566 erant,
497 497 531 552 ut
543 491 583 552 ah
596 506 670 568 rege
683 499 837 568 peterent,
860 492 991 570 primum
1004 504 1038 558 ut
1051 497 1120 574 ipse

119 576 255 638 ¹coactis
274 587 383 638 rursm
403 575 597 638 terrestribus
617 575 841 653 navalibusque
862 577 961 654 copiis
977 578 1010 640 io
1026 579 1119 642 Grae·

137 661 219 724 ciam
233 658 392 733 traIceret,
414 657 541 734 deinde,
562 659 590 721 si
605 677 667 737 qua
680 659 783 737 ipsum
797 667 917 724 teneret
929 679 996 739 res,
1017 670 1051 726 ut
1064 681 1118 740 pe·

116 745 260 806 vcuniam
284 752 315 807 et
334 741 448 805 auxilia
471 741 609 807 mitteret.
645 743 677 806 id
696 760 766 806 cum
790 744 831 806 ad
850 743 1026 822 dignitatem
1051 748 1118 810 eius

133 829 294 907 fidemque
314 825 483 905 perticere,
505 845 567 890 non
587 827 678 905 prodi
693 829 814 905 socios,
835 836 899 892 tum
913 831 1004 892 ctiam
1018 832 1058 893 ad
1073 831 1117 892 in-

112 933 114 936 *
134 911 341 976 columitatem
354 911 451 989 regni,
466 929 506 974 ne
516 913 630 975 sineret
640 914 798 976 Romanos
809 929 927 976 vacuos
939 915 1020 976 omni
1035 932 1117 989 euru,

136 1013 210 1060 cum
229 997 409 1060 Aetolorum
430 1004 552 1073 geatam
572 995 786 1073 sustulissent,
807 996 948 1060 omnibus
971 998 1071 1075 capiis
1087 999 1117 1060 in

132 1081 242 1144 Asiam
267 1081 406 1143 traicere.
421 1096 424 1104 ·
437 1097 511 1142 vera
531 1089 618 1144 erent
638 1096 719 1158 quae
738 1080 934 1144 dicebautum
962 1097 999 1143 co
1020 1082 1118 1159 magis

131 1179 241 1242 regem
254 1172 425 1228 moverunt,
446 1165 550 1242 itaque
563 1166 594 1226 in
608 1165 782 1242 praesentia
796 1163 967 1241 pecuniam,
985 1182 1065 1242 quae
1078 1168 1118 1226 ad

131 1265 213 1312 usus
228 1249 300 1310 belli
313 1247 492 1311 necessaria
505 1257 579 1324 erat,
593 1249 701 1326 legatis
716 1246 816 1318 dedit;
838 1247 952 1312 auxilia
962 1249 1119 1311 terrestria

133 1333 320 1409 navaliaque
341 1333 513 1394 adfirmavit
528 1332 703 1396 missurum.
730 1332 899 1394 Thoantem
913 1349 1007 1394 unum
1021 1349 1061 1394 ex
1075 1334 1117 1394 le·

117 1425 121 1430 '
134 1415 215 1494 gatis
225 1416 358 1492 retInuit‚
372 1425 403 1480 et
412 1416 515 1494 ipsum
526 1417 610 1480 haud
620 1416 748 1478 invitum
759 1423 936 1492 morantem,
948 1424 981 1480 ut
992 1425 1118 1480 exactor

133 1515 287 1578 praesens
302 1499 525 1578 promIssorum
540 1501 674 1564 adesset.

219 1585 339 1648 XXVII.
366 1585 503 1648 ceterum
522 1584 674 1646 Heraclea
693 1591 782 1660 capta
802 1583 892 1660 fregit
910 1585 1033 1648 tandem
1054 1585 1103 1646 ani

133 1685 204 1730 mos
215 1669 411 1740 Aetolorum
435 1675 465 1731 et
479 1683 597 1744 paucos
611 1677 685 1744 post
698 1667 766 1730 dies
782 1683 875 1744 quam
888 1671 929 1730 ad
941 1669 1055 1731 bellum
1069 1685 1116 1730 re·

133 1752 313 1815 novandum
332 1753 576 1828 acciendumque
589 1768 695 1828 regem
708 1750 738 1811 in
753 1751 861 1814 Asiam
874 1754 1020 1814 miserant
1035 1754 1116 1828 logn-

121 1846 201 1911 tcs,
228 1834 354 1899 abiectis
379 1835 453 1898 belli
473 1835 611 1898 consiliIs
636 1835 723 1911 pacis
745 1835 896 1910 petendae
918 1844 1055 1897 oratores
1077 1836 1117 1896 ad

133 1922 293 1982 consulem
303 1919 462 1982 mIserunt.
478 1935 557 1996 quos
569 1919 673 1980 dicere
684 1933 816 1979 exorsos
829 1921 938 1980 consul
946 1918 1115 1992 interfatus,

134 2021 205 2066 cum
221 2003 281 2066 alla
294 2003 354 2066 sibi
368 2003 594 2080 praevertenda
609 2013 681 2064 esse
695 1999 833 2077 dixisset
847 2003 949 2062 redire
962 2003 1117 2080 Hypatam

133 2105 200 2163 eos,
217 2089 296 2150 datis
311 2087 430 2150 dierum
445 2089 550 2150 decem
566 2085 690 2149 indutiis
704 2092 734 2146 et
742 2086 775 2147 L.
787 2084 912 2148 Valerio
924 2085 1034 2146 Flacco
1048 2101 1117 2147 eum

133 2173 173 2234 iis
184 2173 291 2246 misso,
305 2173 410 2234 iussit:
425 2171 463 2248 ei,
481 2189 560 2249 quae
571 2187 678 2234 secum
690 2169 787 2232 acturi
798 2169 938 2244 luissent,
950 2185 1115 2246 exponere,

133 2265 166 2318 et
180 2257 207 2318 si
224 2274 285 2332 qua
299 2257 414 2318 vellent
427 2257 495 2323 alia.
527 2257 681 2336 Hypatam
695 2261 728 2316 ut
742 2263 790 2316 est
802 2263 942 2329 ventum,
962 2255 1117 2330 principes

132 2342 314 2403 Aetolorum
341 2341 425 2418 apud
443 2340 588 2402 Flaccum
613 2337 775 2400 concilium
801 2338 974 2400 habuerunt
993 2339 1117 2400 eonsul-

131 2433 243 2498 tantos,
261 2441 396 2502 quonam
410 2425 564 2500 agendum
577 2423 670 2484 modo
686 2421 770 2496 apud
785 2423 944 2482 consulem
959 2423 1046 2482 ieret.
1069 2421 1116 2481 his

132 2509 315 2586 parantibus
330 2509 455 2584 antiqua
468 2507 536 2570 iura
550 2507 709 2568 foederum
724 2503 818 2564 ordiri
832 2505 1002 2580 meritaque
1015 2504 1045 2562 in
1061 2519 1116 2578 po·

131 2595 240 2670 pulum
253 2595 440 2668 Romanum,
460 2593 611 2654 absistere
632 2590 669 2650 iis
682 2588 812 2648 Flaccus
833 2587 937 2660 lussit,
960 2601 1041 2662 quae
1057 2585 1117 2662 ipsi

131 2679 305 2740 violassent
325 2675 548 2754 acrupissent.
582 2671 810 2737 contessionem
832 2671 870 2732 iis
893 2671 1003 2746 culpae
1018 2667 1116 2745 magis

131 2763 340 2838 profuturam,
364 2768 395 2824 ct
414 2768 508 2823 totam
527 2761 559 2821 in
580 2773 690 2836 preces
713 2755 882 2818 orationem
898 2769 1036 2815 versam=
1060 2769 1117 2814 nec

134 2845 216 2908 enim
238 2845 268 2908 in
291 2863 387 2908 causa
407 2845 547 2922 ipsorum
567 2845 625 2908 sed
645 2841 677 2904 in
692 2840 800 2917 populi
814 2839 943 2901 Romani
959 2837 1118 2900 clementia

132 2947 222 3006 spem
238 2929 346 2992 salutis
361 2931 495 3007 positam
509 2945 590 2990 esse.
612 2934 642 2990 et
656 2942 691 2988 se
706 2923 888 3002 suppliciter
902 2922 1063 3000 agentibus
1078 2921 1116 2983 iis

132 3016 309 3076 adiuturum
323 3023 354 3076 et
367 3015 450 3090 apud
466 3013 625 3075 consulem
639 3018 669 3072 et
679 3011 795 3072 Romae
809 3008 840 3070 in
851 3015 976 3070 senatu:
991 3022 1029 3068 eo
1042 3021 1116 3082 quo·

134 3115 199 3176 que
221 3098 302 3160 enIm
321 3098 487 3161 mittendas
501 3099 569 3160 iore
582 3098 710 3171 legatos.
741 3093 818 3154 haec
832 3110 895 3154 una
909 3088 959 3152 via
976 3090 1116 3152 omnibus

132 3184 173 3244 ad
188 3183 319 3246 salutem
332 3182 401 3244 visa
415 3189 472 3256 est,
487 3180 566 3244 utin
581 3179 674 3241 fidem
688 3193 724 3240 se
739 3175 947 3254 permitterent
959 3175 1115 3234 Romano-

128 3283 217 3328 runr=
245 3269 286 3330 ita
307 3267 389 3330 enim
409 3273 440 3330 et
453 3264 514 3327 illis
527 3262 664 3326 violandi
678 3260 836 3338 supplices
850 3257 1068 3320 verecundiam
1082 3273 1117 3316 sc

133 3351 350 3428 imposituros,
374 3359 404 3413 et
424 3349 513 3426 ipsos
534 3348 743 3409 nihilominus
765 3360 842 3406 suae
862 3338 1024 3418 potestatis
1040 3341 1116 3414 lore,

133 3433 161 3495 si
177 3435 251 3514 quid
265 3437 374 3496 melius
389 3435 512 3496 fortuma
527 3431 722 3495 ostendisset.
743 3425 877 3488 XXVIII.
900 3431 1066 3502 postquam
1077 3422 1117 3484 ad
