2506 3898
238 194 300 258 aso
377 193 492 256 urana
501 191 649 254 xxxva.
672 191 753 252 cna
766 197 866 254 asco.
887 195 1079 266 [anama]

237 361 343 420 amum
358 341 555 419 depopulari,
575 357 673 402 naves
688 341 718 402 in
734 341 910 403 Geraestico
925 350 1015 418 portu
1029 351 1128 418 stare,
1147 341 1203 420 ipsc

238 428 387 488 adversus
402 427 607 503 Myonnesum
627 427 658 486 in
677 423 954 486 insula-lllacrln
975 426 1089 488 nautici
1108 438 1203 489 vocant

236 543 279 556 -
290 527 420 572 ancoras
436 515 526 586 portu
540 509 661 570 occulto
676 509 755 569 iecit.
777 509 850 568 inde
865 523 904 568 ex
922 510 1100 585 propinquo
1111 513 1202 586 explo-

236 611 318 668 rans,
334 595 409 670 quid
423 594 529 654 hostes
546 599 680 667 agerent,
695 590 793 666 primo
808 593 838 652 in
852 607 964 666 magna
974 609 1032 668 spe
1045 593 1111 668 iuit,
1126 611 1203 670 quea

236 679 277 737 ad
294 679 419 740 modum
434 676 584 737 Rhodiam
604 675 737 736 classem
754 675 794 736 ad
809 673 934 737 Samum
948 676 1159 738 circumsessis
1171 679 1203 737 ad

236 762 350 822 exitum
365 759 504 822 lancibus
519 763 626 836 portus
641 765 861 833 expugnasset,
875 759 922 820 sic
935 768 967 821 et
978 761 1149 822 Romanam
1161 777 1202 822 ex·

237 853 449 920 pugnaturum.
471 858 529 904 nec
544 850 593 904 est
605 842 763 902 disslmilis
778 848 886 902 natura
899 843 974 904 loci=
997 846 1202 918 promuntuils

235 928 416 988 coeuntibus
430 929 509 987 inter
523 941 559 986 se
574 927 615 988 ita
629 925 779 987 clauditur
794 931 910 1000 portus,
926 931 961 986 ut
969 927 1024 987 vix
1035 927 1119 988 duae
1129 929 1202 990 simul

235 1011 306 1070 inde
320 1027 416 1072 naves
433 1011 554 1087 possint
567 1010 661 1069 exire.
689 1015 780 1070 nocte
794 1024 948 1084 occupare
964 1011 1074 1072 lauces
1088 1010 1201 1088 Polyxe-

234 1092 323 1155 nidas
338 1096 367 1154 in
383 1095 484 1156 animo
500 1093 639 1166 habebat,
657 1101 688 1154 et
701 1092 790 1152 denis
804 1093 934 1156 navibus
950 1095 991 1156 ad
1006 1096 1202 1169 prommmrla

234 1179 399 1253 sancitus,
415 1195 494 1254 quae
509 1179 547 1238 ab
562 1184 693 1251 utroque
708 1181 805 1236 cornu
818 1177 849 1235 ia
864 1177 959 1238 latera
971 1178 1149 1239 exeuntium
1161 1196 1200 1236 na·

234 1264 316 1324 vium
338 1269 521 1339 pugnarent,
542 1276 582 1321 ex
604 1265 705 1322 cetera
726 1261 841 1333 classe,
862 1259 943 1322 sicul
955 1262 995 1322 ad
1010 1261 1200 1322 Panhormum

235 1348 362 1422 lecerat,
383 1345 505 1407 armatis
527 1345 558 1404 in
576 1344 675 1404 littora
692 1345 842 1418 expostus
863 1349 944 1406 terra
963 1345 1107 1421 marique
1126 1346 1199 1406 amul

233 1430 332 1490 hostis
354 1430 537 1505 opprimere
572 1428 657 1502 quod
673 1443 735 1488 non
748 1443 861 1488 vanum
875 1429 903 1488 ei
918 1428 1085 1509 consilium
1100 1429 1199 1498 lutsset

234 1513 264 1572 ni
280 1529 348 1572 cum
363 1513 426 1573 Teii
448 1513 582 1573 laemros
603 1527 638 1571 se
659 1511 807 1586 imperata
824 1511 1058 1586 promisissent,
1082 1514 1122 1573 ad
1135 1513 1199 1572 acci·

233 1596 362 1670 piandos
383 1601 570 1656 commeatus
591 1594 692 1670 aptius
713 1595 814 1657 visum
833 1601 919 1656 esset
930 1595 1082 1658 Romanis
1102 1597 1131 1656 in
1144 1611 1198 1654 eum

233 1687 351 1753 portum
373 1679 425 1754 qui
445 1685 515 1740 ante
535 1678 639 1738 urbem
661 1686 709 1738 est
730 1681 862 1740 classem
883 1680 1021 1740 uanslne.
1059 1679 1163 1740 dicitur
1177 1683 1198 1734 et

231 1761 386 1824 Eudamus
400 1763 539 1824 Rhodius
553 1763 659 1822 vitium
673 1761 797 1822 alterius
813 1770 920 1838 portus
935 1765 1128 1836 ostendisse,
1143 1777 1196 1821 cun

232 1847 309 1907 torte
323 1847 403 1908 duae
417 1863 513 1907 naves
528 1847 558 1906 in
573 1853 639 1906 arto
655 1847 735 1908 ostio
748 1845 910 1923 impIIcitos
920 1863 1024 1908 remos
1038 1847 1226 1939 fregissent

231 1939 261 1990 et
281 1931 358 1992 inter
379 1932 438 1992 alia
458 1932 490 1991 id
516 1945 640 2007 quoque
658 1931 755 1991 movit
774 1935 960 2006 praetorem,
985 1938 1019 1994 ut
1040 1919 1226 1992 traduceret

232 2016 362 2076 classem
370 2017 479 2092 ,quod
494 2015 532 2074 ab
545 2022 626 2074 terra
640 2015 808 2089 periculum
823 2021 902 2088 erat,
917 2013 1000 2077 haud
1014 2016 1195 2090 procule
1138 1993 1225 2108 inde,¹

231 2098 382 2160 Antiocho
403 2100 511 2160 stativa
531 2099 671 2159 habente
703 2097 807 2158 XXIX
830 2098 968 2158 traducta
982 2099 1093 2164 classe
1108 2097 1144 2158 ad
1156 2075 1224 2190 urus

230 2181 313 2253 bem,
337 2183 451 2256 ignaris
473 2182 614 2243 omnibus
635 2180 755 2256 egressi
772 2182 882 2242 milites
897 2188 1073 2258 nautaeque
1087 2143 1223 2242 suntad
1221 2211 1222 2274 ,

231 2272 418 2326 commeatus
433 2271 464 2325 et
477 2265 580 2324 vlnum
596 2263 728 2326 maxime
743 2265 965 2326 dividendum'
958 2283 988 2326 m
1004 2281 1119 2337 naves,
1139 2277 1193 2322 cun

229 2347 331 2407 medio
352 2347 429 2409 torte
450 2349 510 2410 diei
528 2349 658 2424 agrestis
675 2349 799 2424 quidam
815 2350 856 2410 ad
871 2357 1044 2425 praetorem
1059 2349 1192 2410 adductus

112 2441 116 2444 ·
229 2432 347 2492 nuntiat
366 2432 520 2493 alterum
512 2449 572 2493 ram
591 2434 670 2494 diem
691 2435 823 2494 classem
842 2439 924 2494 stare
945 2434 986 2494 ad
999 2431 1130 2494 insudam
1143 2428 1192 2488 lla·

229 2514 308 2590 crin,
329 2523 360 2576 et
380 2518 471 2591 paulo
492 2524 561 2578 ante
581 2516 666 2578 visas
688 2515 837 2590 quasdam
856 2518 973 2580 moveri
992 2523 1145 2593 tamquam
1162 2510 1192 2570 td

228 2600 448 2674 prosectionem
463 2616 568 2660 naves.
589 2616 624 2660 rc
637 2599 737 2661 subita
750 2601 910 2675 perculsus
923 2608 1047 2677 praetor
1057 2598 1191 2662 tubicines

229 2697 341 2744 canere
359 2684 456 2758 iubet,
477 2692 512 2745 ul
526 2685 552 2744 si
573 2684 627 2759 qui
648 2700 703 2760 per
722 2699 814 2760 agros
829 2686 922 2760 palati
937 2691 1043 2746 essent
1055 2682 1190 2744 redirenlt

227 2766 366 2828 tribunos
386 2768 416 2828 in
435 2769 542 2828 urbem
562 2766 649 2828 mitit
669 2767 709 2828 ad
730 2769 888 2843 cogendos
910 2768 1019 2830 milites
1034 2774 1189 2837 nouasque

227 2847 258 2907 ln
280 2866 385 2911 naves.
417 2851 500 2911 haud
524 2865 616 2912 secus
638 2867 729 2927 quam
754 2853 785 2910 in
805 2853 963 2928 repentino
989 2851 1131 2912 incendio
1149 2849 1189 2904 aul

229 2940 319 3009 capta
332 2934 408 2994 urbe
422 2935 598 3010 trepidatur,
614 2935 682 2995 aliis
697 2934 727 2995 in
741 2935 847 2996 urbem
864 2935 1057 2998 currentibus
1073 2933 1112 2994 ad
1128 2941 1187 2990 suos

227 3018 437 3092 revocandos,
459 3017 526 3078 aliis
548 3033 588 3079 ex
602 3018 679 3078 urbe
693 3035 790 3080 naves
805 3035 898 3081 cursu
912 3018 1136 3094 repetentibust
1154 3013 1187 3070 il·

228 3102 382 3178 certisque
407 3103 605 3175 clamoribus,
632 3103 743 3178 quibus
768 3103 846 3178 ipsis
867 3104 959 3165 tubae
981 3099 1200 3176 obstreperent·

229 3185 353 3247 turbatis
379 3186 512 3262 impertis
536 3187 659 3246 tandem
685 3201 868 3248 concursum
888 3187 928 3248 ad
951 3199 1048 3247 naves
1069 3191 1123 3245 est
1145 3179 1185 3236 vil

228 3285 315 3330 suam
340 3270 473 3345 quisque
498 3285 628 3332 noscere
648 3277 700 3331 aut
720 3271 805 3331 adire
826 3286 901 3346 prae
920 3269 1049 3331 tumultu
1069 3266 1185 3344 poterae

228 3353 470 3429 trepidatumque
491 3369 559 3413 cum
581 3355 716 3429 periculo
737 3360 768 3414 et
786 3355 817 3416 in
837 3354 913 3416 mari
933 3359 963 3414 et
976 3354 1006 3414 in
1021 3359 1101 3414 terra
1113 3347 1183 3412 roret

228 3435 258 3492 ni
273 3435 410 3511 partibus
425 3436 533 3496 divIsis
548 3437 694 3498 demittas
710 3453 779 3498 cum
793 3436 946 3516 praetoria
960 3452 1039 3498 nave
1054 3434 1158 3512 primm
1171 3438 1184 3481 θ
