2506 3898
198 204 262 268 soc
303 202 419 263 amun
429 201 576 262 xxxvn.
599 201 847 266 caecasset.
869 203 906 281 [ι.
919 207 1064 283 u.‹.eca]

198 355 343 434 praesidii
358 354 542 427 rettulerant,
557 359 619 412 tum
634 359 739 426 portas
751 359 936 428 aperuerunt
945 355 1036 430 pacti,
1051 355 1175 430 nequid

145 471 151 484 ·
199 439 310 501 hostile
323 443 508 516 paterentur.
531 451 600 496 cum
610 436 700 510 signa
714 435 743 495 in
755 436 862 496 urbem
872 437 1055 498 inierrentur
1066 445 1098 497 et
1107 456 1174 514 pro

200 523 370 586 nuntiasset
383 529 506 597 praetor
520 519 606 596 parci
620 535 655 579 se
670 517 781 580 deditis
795 521 889 594 velle,
912 521 1029 582 clamor
1042 523 1175 598 undiquc

199 615 248 668 est
267 607 423 680 sublatus,
444 604 602 679 indignum
622 603 742 664 lacinus
763 619 835 664 csse
847 602 1071 676 Phocaeensis,
1093 623 1173 666 num-

200 707 292 767 quam
311 689 393 750 fidos
413 687 532 759 socios,
554 703 678 762 semper
697 687 827 748 infestos
841 687 955 762 hostis,
976 691 1103 764 impune
1116 691 1172 748 elu-

200 775 283 836 dere.
305 773 344 834 ab
358 772 416 832 hac
430 786 508 832 voce
521 774 605 832 velut
615 771 704 846 siguo
716 787 735 832 a
745 779 887 847 praetore
898 772 970 832 dato
982 772 1024 832 ad
1034 773 1173 847 diripien-

199 860 270 920 dam
289 855 396 916 urbem
414 855 531 932 passim
547 855 729 916 discurrunt.
756 854 905 916 Aemilius
920 856 1019 931 primo
1034 858 1174 916 resistere

199 951 230 1002 et
242 955 389 1002 revocare
410 939 541 1001 dicendo
560 945 682 1015 captas,
703 955 763 1000 non
780 939 899 1000 deditas
914 941 1005 1014 diripi
1020 941 1128 1012 urbes,
1149 948 1175 999 et

199 1026 230 1084 in
250 1024 299 1086 his
323 1031 423 1084 tamen
449 1023 657 1100 imperatoris,
681 1039 743 1084 non
768 1023 891 1084 militum
916 1024 1073 1084 arbitrium
1098 1039 1173 1084 esse.

200 1115 364 1184 postquam
379 1107 425 1168 ira
438 1115 469 1168 et
481 1108 607 1168 avaritia
620 1106 746 1182 imperio
759 1107 931 1181 potentiora
941 1115 1036 1182 erant,
1050 1123 1173 1182 praeco

200 1192 290 1253 nibus
315 1207 371 1268 per
396 1191 502 1251 urbem
522 1191 627 1252 missis
646 1191 761 1252 liberos
783 1206 890 1251 omnes
910 1191 940 1251 ia
961 1192 1062 1252 iorum
1084 1191 1175 1251 adse

200 1277 365 1337 convenire
376 1275 467 1348 iubet,
483 1291 521 1334 ne
532 1276 725 1346 violarentur,
741 1274 811 1334 etin
823 1275 974 1347 omnibus,
988 1291 1069 1350 quae
1080 1274 1175 1350 ipsius

201 1360 362 1436 potestatis
378 1361 508 1433 luenrnt,
524 1360 602 1419 fides
618 1357 753 1420 constitit
765 1359 925 1432 praetoris.
949 1359 1058 1419 urbem
1073 1375 1174 1434 agros-

201 1460 262 1520 que
283 1450 314 1504 et
327 1459 401 1503 suas
422 1444 508 1517 leges
529 1443 566 1502 iis
580 1443 728 1511 restituit;
750 1449 780 1502 et
800 1443 872 1516 quia
892 1442 952 1502 iam
969 1442 1069 1502 hiems
1084 1459 1174 1518 appe·
1241 1451 1242 1494 t

200 1529 291 1602 tabat,
306 1525 464 1586 Phocaeae
478 1533 586 1601 portus
600 1525 639 1584 ad
654 1525 876 1586 hibernandum
892 1527 984 1587 classi
999 1526 1121 1602 delegit
1241 1497 1242 1592 l

285 1610 416 1670 XXXIII.
437 1607 496 1668 Per
514 1607 596 1668 idem
616 1609 680 1692 lere
693 1617 814 1684 tempus
829 1610 964 1684 consuli,
982 1617 1176 1685 transgresso

200 1693 367 1754 Aeniorum
380 1690 661 1768 Maronitarumque
674 1693 754 1768 linis,
772 1693 924 1754 nunbatur
937 1693 1049 1754 victam
1064 1696 1175 1769 regiam

202 1780 334 1838 classem
354 1776 394 1838 ad
406 1775 612 1856 Myonnesum
625 1777 823 1851 relictamque
837 1793 857 1836 a
870 1777 1025 1853 praesidio
1039 1777 1176 1855 Lysima-

201 1861 299 1922 chiam
313 1876 395 1922 essc.
420 1860 453 1922 id
466 1863 559 1922 multo
575 1877 667 1937 quam
681 1862 720 1920 de
734 1861 835 1920 navali
850 1862 977 1923 victoria
990 1862 1100 1922 laetius
1118 1863 1175 1935 luit,

201 1945 307 2022 utique
328 1953 493 2023 postquam
513 1962 550 2007 eo
571 1951 732 2019 venerunt,
754 1945 928 2020 refertaque
948 1945 1023 2005 urbs
1045 1943 1176 2006 omnium

201 2047 304 2092 rerum
327 2031 546 2092 commeatibus
561 2030 686 2090 velutin
703 2029 865 2089 adventum
880 2029 1032 2090 exercitus
1047 2045 1176 2106 praepa-

201 2116 274 2175 ratis
290 2132 345 2175 eos
361 2115 491 2189 excepit,
505 2111 559 2174 ubi
571 2112 706 2188 inopiam
720 2112 854 2172 ultimam
868 2112 1068 2188 laboremque
1082 2115 1111 2172 in
1126 2114 1174 2172 ob

204 2197 333 2266 sidenda
352 2197 428 2256 urbe
447 2204 674 2271 proposuerant
692 2196 810 2256 animis.
844 2196 886 2256 ibi
901 2212 1019 2271 paucos
1034 2197 1103 2258 dies
1119 2205 1178 2258 sta—

201 2281 263 2339 tiva
282 2279 431 2352 habuere,
452 2279 667 2354 impedimenta
687 2279 833 2356 aegrique
853 2288 886 2340 ut
906 2289 1180 2356 consequerentur,

204 2363 255 2440 qui
275 2363 392 2440 passim
413 2378 469 2438 per
483 2363 585 2424 omnia
597 2361 745 2424 Thraciae
759 2365 900 2438 castella,
921 2364 996 2425 lessi
1011 2365 1128 2426 morbis
1144 2381 1180 2425 ac

201 2445 390 2523 longitudine
404 2446 488 2520 viae,
502 2445 599 2508 relicti
614 2455 708 2507 erant.
742 2446 876 2523 receptis
891 2449 1032 2509 omnibus
1046 2450 1180 2523 ingressi
1240 2489 1241 2560 1

200 2548 309 2593 narsus
334 2532 391 2592 iter
411 2547 467 2606 per
487 2529 712 2592 Chersonesum
731 2531 962 2606 Hellespontum
988 2532 1180 2608 perveniunt

201 2615 253 2676 ubi
271 2614 413 2678 omnibus
435 2631 508 2678 cura
526 2614 608 2691 regis
622 2615 767 2676 Eumenis
780 2616 820 2675 ad
834 2615 1033 2678 traiciendum
1047 2633 1180 2693 praepa·

200 2699 275 2760 ratis
295 2701 380 2760 velut
402 2699 431 2758 in
450 2705 560 2774 pacata
579 2700 693 2773 littora,
714 2699 797 2760 nullo
818 2698 1014 2774 prohibente,
1035 2702 1104 2760 aliis
1121 2700 1180 2761 alio

202 2783 310 2842 delatis
332 2782 461 2842 navibus
483 2782 549 2842 sins
569 2785 698 2843 tumultu
717 2783 874 2842 traiecere.
907 2798 944 2842 ea
963 2799 1037 2844 vero
1052 2801 1105 2844 res
1121 2787 1180 2844 Ro·

201 2865 298 2924 manis
313 2865 398 2925 auxit
412 2865 545 2935 animoa,
568 2881 750 2928 concessum
767 2864 825 2926 sibi
840 2867 969 2926 transire
984 2869 1180 2928 cernentibus

200 2956 264 3008 tum
285 2945 315 3006 in
330 2947 452 3019 Asiam,
475 2964 566 3023 quam
586 2964 651 3008 rem
665 2949 766 3025 magni
782 2948 953 3010 certaminis
967 2951 1100 3012 futuram
1116 2968 1180 3012 cre-

202 3031 352 3092 diderant.
376 3031 488 3092 stativa
502 3031 612 3093 deinde
626 3033 667 3093 ad
680 3033 911 3108 Hellespontum
926 3033 1116 3108 aliquamdiu
1130 3035 1180 3094 ha·
1239 3033 1240 3040 ’

201 3117 340 3189 buerunt,
358 3115 430 3190 quia
444 3115 511 3176 dies
526 3117 604 3176 lorte
620 3117 731 3192 quibus
746 3116 857 3177 ancilia
870 3123 1031 3178 moventur
1044 3119 1180 3194 religiosi
1239 3111 1240 3156 ἶ

200 3200 242 3262 ad
256 3201 312 3261 iter
326 3199 504 3260 inciderant.
525 3200 605 3260 idem
621 3201 688 3261 dies
698 3200 731 3259 P.
744 3198 917 3275 Scipionem
932 3201 1080 3276 propiore
1091 3203 1181 3262 etiarn

200 3285 356 3360 reiigione,
374 3283 446 3358 quia
459 3283 554 3344 salius
569 3290 642 3357 erat,
657 3283 868 3344 disiunxerant
881 3284 920 3344 ab
935 3284 1085 3355 exer·citu;
1110 3303 1181 3346 cau·

200 3383 299 3440 saque
314 3373 344 3427 et
357 3366 384 3427 is
399 3366 469 3442 ipse
483 3381 586 3429 morae
601 3375 674 3440 erat,
691 3367 762 3427 dum
778 3376 1027 3442 consequeretur.

284 3449 418 3510 XXXIV.
444 3449 579 3510 Peneos
599 3451 676 3509 lorte
697 3450 763 3510 dies
784 3450 901 3526 legatus
921 3451 960 3512 ab
975 3449 1130 3511 Antiocho
1151 3453 1180 3514 in
