2482 3900
186 235 228 298 60
337 233 450 294 LIBER
464 231 581 294 xxxll.
606 231 688 290 CAP.
708 239 751 294 16.
764 237 808 293 17.
830 236 868 303 [a.
881 233 917 287 U.
929 252 953 286 ο.
968 235 1034 302 554]
1150 261 1154 270 ·

188 387 299 448 sidium
315 391 380 443 erat
392 383 604 456 Macedonum,
620 396 700 458 quos
715 397 777 441 non
793 380 895 442 minus
913 396 1006 456 quam
1019 381 1180 444 Romanos

187 470 377 537 metuebant;
399 474 430 526 et
439 465 589 526 Philocles
603 464 708 539 regius
720 465 898 540 praefectus
909 479 930 523 a
941 463 1092 525 chalcide
1103 482 1179 526 nun·

183 555 247 616 aios
262 552 398 611 mittebat
411 565 446 610 se
460 550 491 609 in
505 557 644 625 tempore
659 548 852 623 adfuturum,
873 547 901 608 si
916 548 1112 610 sustinerent
1127 551 1179 610 ob·

187 637 348 696 sidionem.
375 633 452 693 haec
471 633 567 694 mixta
587 637 670 692 metu
689 647 764 708 spes
784 633 865 693 trihu
887 647 981 708 quam
995 635 1116 694 vellent
1131 642 1181 694 aut

188 736 280 796 quum
294 724 423 794 possent
435 716 556 777 trahere
571 731 627 777 eos
641 722 765 792 tempus
781 715 923 790 cogebat.
962 715 1079 776 deinde
1094 726 1180 792 post·

189 820 281 881 quam
290 801 456 862 Philoclem
469 802 628 876 repulsum
642 800 909 876 trepidantemque
920 800 1080 875 refugisse
1092 801 1179 861 chal·

189 889 288 948 cidem
302 890 496 960 acceperunt,
514 891 653 945 oratores
668 884 823 959 extemplo
839 884 880 944 ad
893 885 1039 958 Attalum,
1055 885 1180 944 veniam

188 971 342 1046 fidemque
356 969 422 1030 eius
438 969 578 1044 petentis,
597 967 755 1028 miserunt.
787 969 860 1028 dum
874 967 906 1026 in
921 983 1012 1042 spem
1027 969 1120 1043 pacis
1136 969 1179 1028 in·
1231 957 1232 1040 l

187 1055 261 1114 tenti
275 1055 400 1129 segnius
415 1067 542 1114 munera
555 1051 627 1112 belli
642 1051 771 1125 obeunt,
792 1057 823 1111 et
838 1065 876 1110 ea
889 1051 985 1112 modo
1001 1057 1101 1128 parte,
1120 1069 1180 1127 qua
1232 1065 1233 1142 l

188 1153 293 1198 murus
318 1138 436 1198 dirutus
462 1143 541 1211 erat,
569 1135 679 1196 ceteris
701 1135 848 1211 neglectis
870 1136 1020 1196 stationes
1042 1145 1179 1198 armatas
1233 1173 1234 1238 p

192 1228 367 1297 opponunt,
393 1221 549 1295 Quinctius
575 1225 668 1280 noctu
693 1219 731 1278 ab
753 1234 791 1278 ea
815 1225 918 1294 parte,
945 1234 1027 1295 qnae
1052 1220 1180 1280 minime

190 1313 338 1380 suspecta
357 1313 435 1379 erat,
457 1305 573 1378 impetu
590 1305 670 1364 facto
686 1302 779 1363 scalis
794 1303 902 1362 urbem
918 1304 1011 1379 cepit
1044 1305 1178 1380 oppida·
1234 1281 1235 1350 i

189 1405 296 1452 norum
309 1389 407 1449 onmis
421 1387 579 1448 multitudo
592 1403 661 1447 cum
673 1386 901 1460 coniugibusac
912 1386 1017 1447 liberis
1029 1387 1061 1448 in
1072 1403 1180 1448 arcem
1235 1389 1236 1444 l

191 1473 342 1546 confugit,
365 1471 476 1532 deinde
496 1471 526 1529 in
543 1470 728 1532 deditionem
748 1471 838 1530 venit.
876 1471 1029 1546 pecuniae
1047 1472 1179 1548 aurique
1236 1497 1237 1552 p

189 1562 220 1614 et
234 1555 351 1628 argenti
372 1555 453 1614 haud
476 1569 551 1614 sane
570 1555 695 1614 multum
709 1553 779 1614 fuit:
808 1554 898 1630 signa
912 1554 1037 1615 tabulae
1052 1556 1181 1632 priscae

188 1637 262 1698 artis
288 1644 527 1712 ornamentaque
548 1637 614 1697 eius
634 1637 757 1710 generis
781 1637 871 1713 plura
893 1653 986 1714 quam
1008 1654 1067 1714 pro
1088 1639 1180 1700 urbis

188 1719 394 1793 magnitudine
415 1725 467 1780 aut
487 1721 599 1795 opibus
614 1720 724 1780 ceteris
740 1721 871 1782 inventa.
904 1721 999 1782 XVII.
1024 1721 1180 1801 Carystus
1238 1713 1239 1768 l

188 1804 260 1864 inde
273 1804 411 1880 repetita,
430 1804 521 1876 unde,
538 1805 716 1880 priusquam
730 1820 748 1864 e
762 1805 893 1866 navibus
909 1806 1020 1880 copiae
1035 1821 1180 1882 expone·
1239 1819 1240 1878 l

187 1892 306 1962 rentur,
328 1888 427 1948 omnis
447 1888 607 1949 multitudo
627 1889 704 1949 urbe
725 1888 847 1948 deserta
861 1889 891 1950 in
906 1905 1010 1949 arcem
1026 1891 1180 1966 confugit

187 1971 324 2031 indeed
349 1969 441 2030 fldem
465 1971 504 2031 ab
524 1972 662 2032 Romano
687 1972 851 2048 petendam
877 1979 1017 2034 oratores
1043 1975 1179 2036 mittunt

189 2053 352 2131 oppidanis
374 2056 528 2130 extemplo
549 2057 611 2116 vita
625 2070 662 2115 ac
676 2056 801 2116 libertas
818 2071 971 2118 concessa
985 2064 1050 2127 est;
1071 2058 1179 2120 Mace-

188 2136 322 2198 donibus
335 2138 450 2198 treceni
464 2140 577 2198 nummi
591 2140 622 2198 in
637 2139 738 2214 capita
751 2145 896 2200 statutum
911 2141 1045 2217 pretium
1060 2149 1124 2218 est,
1148 2149 1181 2203 et

188 2227 221 2282 ut
235 2220 327 2280 armis
341 2221 459 2281 traditis
473 2222 599 2282 abirent.
622 2222 680 2282 hac
694 2239 813 2283 summa
826 2224 978 2300 redempti
993 2224 1132 2286 inermes
1143 2226 1179 2286 in

188 2303 348 2366 Boeotiam
369 2304 496 2365 traiecti.
525 2307 651 2368 navales
674 2307 782 2381 copiae
796 2307 918 2368 duabus
934 2309 1026 2368 claris
1042 2309 1178 2372 urbibus

187 2388 333 2449 Euboeae
354 2388 431 2448 intra
451 2389 518 2449 dies
540 2405 658 2465 paucos
680 2390 777 2464 captis
794 2391 1018 2452 circumvectae
1033 2391 1176 2473 Sunium,

187 2473 306 2533 Atticae
331 2479 430 2532 terrae
451 2474 706 2549 promunturium,
733 2471 921 2549 Cenchreas,
948 2475 1179 2538 Corinthiorum

188 2556 367 2634 emporium,
384 2559 545 2632 petierunt.

273 2641 386 2703 consul
412 2643 530 2702 interim
549 2644 683 2704 omnium
704 2657 761 2716 spe
782 2642 952 2716 longiorem
974 2645 1178 2706 atrociorem-

189 2738 250 2796 que
272 2727 533 2800 oppugnationem
552 2727 672 2795 habuit;
699 2732 730 2784 et
750 2741 788 2785 ea
810 2742 872 2802 qua
894 2727 1053 2788 minimum
1074 2731 1178 2791 credi-

188 2804 285 2865 disset
303 2808 488 2871 resistebant
506 2809 623 2870 hostes.
654 2825 725 2868 nam
744 2825 864 2869 onmem
884 2809 1021 2872 laborem
1036 2812 1068 2872 in
1083 2829 1178 2876 muro

188 2887 360 2950 crediderat
384 2891 533 2954 diruendo
562 2893 643 2963 lore;
678 2892 705 2952 si
727 2892 842 2956 aditum
866 2895 990 2956 armatis
1010 2896 1042 2955 in
1063 2899 1178 2960 urbem

187 2971 399 3050 patefecisset,
421 2975 525 3050 lugam
546 2977 617 3038 inde
635 2977 823 3052 caedemque
837 2977 971 3040 hostium
986 2981 1054 3040 fore
1070 2983 1177 3056 qualis

187 3053 286 3148 captis
307 3057 434 3120 urbibus
455 3061 521 3121 fleri
536 3063 624 3123 solet.
660 3067 793 3122 ceterum
808 3068 973 3138 postquam
988 3071 1077 3140 parte
1093 3065 1175 3126 muri

186 3139 331 3209 arietibus
353 3145 487 3206 decussa
509 3162 564 3222 per
584 3147 669 3223 ipsas
683 3147 788 3208 amnas
804 3148 1060 3208 transcenderunt
1073 3149 1107 3209 in
1122 3167 1177 3210 ur-

185 3218 255 3280 bem
267 3229 382 3304 armati,
390 3227 464 3291 illud
471 3231 654 3308 principium
662 3231 822 3293 velutnovi
834 3229 1043 3307 atqueintegri
1055 3233 1176 3296 laboris

185 3301 247 3363 fuit.
282 3325 352 3373 nam
365 3313 566 3392 Macedones,
589 3317 641 3393 qui
662 3317 692 3376 in
713 3315 868 3392 praesidio
890 3322 977 3376 erant
997 3319 1127 3378 etmulti
1144 3322 1176 3378 et

184 3381 310 3474 delecti,
333 3399 460 3472 gloriam
482 3402 571 3462 etiam
593 3401 744 3476 egregiam
763 3401 836 3473 rati,
859 3399 885 3460 si
906 3399 998 3460 armis
1021 3401 1127 3476 potius
1144 3409 1176 3462 et

184 3471 295 3535 Virtute
308 3497 400 3554 quam
411 3485 573 3546 moenibus
585 3485 691 3546 urbem
702 3489 866 3558 tuerentur,
880 3484 1018 3557 conferti,
1027 3485 1172 3560 pluribus
