2480 3904
282 177 558 238 tlBEltllvaH.
581 180 664 240 cap.
678 189 720 245 m.
732 190 775 248 17.
796 185 831 262 [a.
844 190 876 243 c.
888 186 951 265 190]
1035 185 1097 254 att

116 333 189 395 riter
203 331 352 408 oppidani
367 331 538 407 adsumptis
553 333 646 406 regiis
661 333 821 407 militibuS,
838 354 918 411 quos
934 337 964 398 iu
979 341 1097 414 praesi-

116 417 168 478 dio
179 414 342 486 habebant,
356 421 512 490 ceperunt.
527 415 679 477 adversus
692 434 771 493 quos
782 417 897 496 Livius,
910 439 1097 498 quamquam

115 506 204 561 erant
216 499 321 574 iniqua
335 511 371 558 ac
382 497 519 558 diflicilia
528 499 568 558 ad
583 500 684 561 exitus
698 503 776 576 lom,
792 503 917 566 Issaeos
932 507 1096 568 auxiliares

116 593 146 644 et
161 583 402 662 Smyrnaeorum
417 581 579 657 expeditos
597 583 725 646 iuvenes
739 586 829 647 misit.
853 587 893 662 bi,
910 589 982 650 dum
996 592 1096 652 missi-

116 669 196 730 libus
220 667 321 742 primo
346 672 377 728 et
397 665 548 726 adversus
573 683 691 744 paucos
716 669 835 732 levibus
860 672 1096 736 excursionibus

113 751 327 816 lacessebatur
339 749 437 824 magis
455 765 547 826 quam
562 752 782 814 conserebatur
795 771 916 830 pugna,
941 760 1095 818 sustinue-

114 843 186 896 runt
209 841 377 896 certamem
404 840 569 910 postquam
592 837 697 911 plures
719 838 758 898 ab
779 839 855 898 urbe
876 838 1053 902 adnuebant
1066 849 1098 904 et

113 920 176 980 iam
190 919 288 980 omnis
302 917 460 979 multitudo
476 917 703 992 effundebatur,
726 922 815 984 timor
829 923 956 986 incessit
968 924 1096 1000 Livium,

113 1019 155 1063 ne
164 1012 193 1064 et
204 1003 368 1064 auxiliares
381 1001 669 1064 circumvenirentur
680 1009 711 1064 et
721 1005 849 1065 navibus
862 1007 953 1067 etiam
965 1007 1003 1068 ab
1016 1015 1097 1069 terra

46 1102 51 1112 ·
114 1087 284 1164 periculum
298 1093 391 1148 esset
427 1087 468 1147 ita
480 1102 542 1147 non
557 1086 667 1148 milites
682 1089 782 1148 solum
797 1089 854 1149 sed
869 1090 960 1150 etiam
976 1092 1095 1152 navalis

114 1171 230 1241 socios,
246 1171 394 1246 remigum
408 1169 536 1242 turbam,
553 1171 665 1244 quibus
680 1173 812 1248 quisque
827 1179 947 1248 poterat
956 1175 1033 1250 telis,
1048 1193 1095 1234 ar-

113 1263 213 1317 matos
228 1255 258 1314 in
273 1254 423 1330 proelium
438 1253 552 1314 eduxit.
577 1261 639 1314 tum
654 1271 778 1331 quoque
790 1271 905 1330 anceps
917 1271 1021 1332 pugne
1032 1259 1095 1333 luit,

114 1355 217 1415 neque
231 1339 340 1398 milites
355 1339 456 1398 solum
470 1338 599 1413 aliquot,
616 1339 672 1398 sed
687 1339 719 1398 L.
734 1340 886 1414 Apustius
901 1343 1095 1401 tumultuario

115 1423 232 1499 proelio
248 1422 365 1482 cecidit.
389 1427 545 1496 postremo
561 1427 661 1481 tamen
677 1423 737 1482 lusi
749 1423 905 1499 fugatique
917 1424 1095 1503 suntbyoii,

66 1529 72 1536 ·
115 1514 208 1584 atque
222 1507 252 1566 in
267 1505 374 1566 urbem
389 1505 557 1580 compulsi;
579 1512 610 1566 et
619 1505 748 1566 Romani
763 1523 831 1568 cum
843 1507 927 1568 haud
937 1508 1096 1568 incruenta

115 1591 242 1652 victoria
256 1589 294 1650 ad
309 1604 405 1649 naves
418 1588 582 1650 redierunt
606 1590 677 1650 inde
691 1592 721 1650 in
732 1590 951 1651 Telmessicum
965 1591 1095 1667 proiecti

115 1676 231 1747 sinum,
255 1674 307 1749 qui
333 1675 426 1732 latero
446 1689 509 1733 uno
532 1672 648 1733 Cariam
671 1673 766 1734 altero
787 1675 912 1754 Lyciam
940 1675 1094 1750 contingit,

116 1759 232 1820 omisso
246 1757 355 1817 Patara
378 1756 508 1830 amplius
530 1756 696 1831 temptandi
710 1757 821 1818 Rhodii
837 1759 962 1818 domum
976 1758 1095 1819 dimissi

115 1849 202 1914 sunt,
219 1839 323 1901 Livius
338 1845 566 1915 praetervectus
580 1839 686 1900 Asiam
701 1841 731 1899 in
748 1841 904 1901 Graeciam
919 1843 1095 1914 transmisit,

114 1934 149 1986 ut
162 1925 321 1985 conventis
337 1921 542 1998 Scipionibus,
559 1923 687 1998 quitum
703 1923 784 1983 circa
796 1924 983 1984 Thessaliam
1000 1931 1094 2000 erant,

114 2010 145 2068 in
159 2008 275 2068 ltaliam
288 2007 438 2067 traiceret

162 2088 412 2152 XVIl.Aemilius
421 2100 586 2168 postquam
596 2091 729 2154 omissas
737 2092 929 2170 inLyciares
937 2090 1092 2155 etLivium

115 2175 288 2250 proiectum
301 2171 332 2233 in
346 2173 463 2238 ltaliam
474 2175 629 2252 cognovit,
636 2193 705 2238 cum
715 2176 784 2255 ipse
795 2179 834 2239 ab
840 2179 967 2255 Epheso
975 2185 1092 2250 tempe·

114 2257 1092 2338 steterepulsusirritoinceptoSamumrevertisset‚turperatus

113 2345 259 2414 temptata
280 2338 391 2398 lrustra
404 2335 512 2398 Patara
531 2352 618 2410 esse,
641 2339 797 2414 proficisci
820 2355 857 2400 eo
870 2347 934 2402 tota
948 2341 1049 2400 classe
1064 2349 1095 2400 et

113 2437 233 2482 summa
246 2422 277 2480 vi
292 2419 418 2496 adgredi
428 2420 535 2481 urbem
546 2421 657 2482 statuit.
678 2420 814 2481 Miletum
826 2431 856 2482 et
865 2430 996 2482 ceteram
1008 2440 1093 2483 oram

113 2505 269 2567 sociorum
291 2504 493 2582 praetervecti
513 2505 544 2564 in
563 2504 770 2583 Bargylietico
792 2505 860 2563 sinu
881 2505 1093 2564 escensionem

113 2589 154 2650 ad
173 2591 276 2650 lasum
301 2591 447 2650 iecerunt
483 2587 590 2648 urbem
610 2588 728 2662 regium
748 2587 872 2648 tenebat
891 2587 1093 2662 praesidium

112 2689 221 2750 agrum
247 2673 329 2734 circa
348 2673 478 2734 Romani
501 2671 651 2732 hostiliter
675 2670 854 2746 depopulati
874 2676 955 2730 sum.
990 2669 1093 2730 missis

112 2757 226 2818 deinde
241 2757 294 2833 qui
308 2772 364 2833 per
378 2755 532 2832 colloquia
545 2754 718 2832 principum
732 2761 762 2814 et
775 2754 1006 2829 magistratuum
1020 2759 1093 2813 tem-

114 2840 390 2916 ptarentanimos,
414 2848 579 2916 postquam
593 2839 666 2900 nihil
681 2839 712 2899 in
729 2844 880 2914 potestate
895 2854 953 2899 sua
965 2853 1094 2914 respon-

112 2926 225 2986 derunt
239 2940 320 3000 esse,
336 2925 375 2984 ad
389 2924 496 2985 urbem
511 2923 750 3000 oppugnandam
765 2923 856 2982 ducit.
891 2929 978 2982 erant
990 2923 1093 2982 lusen-

112 3009 194 3070 sium
214 3010 339 3069 exsules
361 3023 431 3068 cum
443 3009 605 3068 Romanis=
626 3007 648 3065 ii
662 3007 837 3082 frequentes
851 3005 991 3066 Rhodios
1006 3019 1095 3065 orare

113 3094 305 3167 institerunt,
323 3107 363 3152 ne
375 3091 483 3152 urbem
502 3097 534 3150 et
550 3091 681 3152 vicinam
702 3091 761 3150 sibi
782 3098 812 3151 et
832 3096 993 3164 cognatam
1007 3088 1093 3146 inno·

111 3177 196 3236 xiam
222 3178 324 3252 perire
344 3177 487 3236 sinerent.
525 3175 583 3236 sibi
604 3172 703 3235 exsilii
724 3175 838 3234 nullam
859 3171 950 3232 aliam
970 3185 1095 3230 causam

113 3275 187 3321 esse
202 3275 294 3335 quam
308 3259 401 3320 tidem
415 3273 489 3333 erga
502 3259 669 3320 Romanos.
699 3257 807 3317 eadem
820 3255 851 3314 vi
865 3255 1018 3328 regiorum
1034 3268 1095 3328 qua
1118 3301 1121 3305 .

112 3345 175 3418 ipsi
192 3342 272 3418 pulsi
287 3343 361 3417 sint,
376 3341 472 3402 teneri
487 3357 558 3418 eos,
574 3343 627 3419 qui
642 3343 671 3402 in
684 3341 762 3402 urbe
775 3345 927 3398 maneant.
961 3337 1096 3397 omnium

112 3426 287 3488 lesensium
300 3442 393 3488 unam
406 3434 537 3488 mentem
552 3443 638 3502 esse,
653 3434 685 3486 ut
700 3422 1004 3556 servitutelmssregiam
1020 3417 1097 3479 ellu-

1231 3185 1235 3306 t

1228 3479 1233 3524 ἲ

1229 3527 1233 3611 i
