<?xml version="1.0" encoding="UTF-8"?>
<!DOCTYPE html PUBLIC "-//W3C//DTD XHTML 1.0 Transitional//EN"
    "http://www.w3.org/TR/xhtml1/DTD/xhtml1-transitional.dtd">
<html xmlns="http://www.w3.org/1999/xhtml" xml:lang="en" lang="en">
 <head>
  <title>
</title>
<meta http-equiv="Content-Type" content="text/html;charset=utf-8" />
  <meta name='ocr-system' content='tesseract 3.04.00' />
  <meta name='ocr-capabilities' content='ocr_page ocr_carea ocr_par ocr_line ocrx_word'/>
</head>
<body>
  <div class='ocr_page' id='page_1' title='image "./titiliviaburbec08livygoog_0119.png"; bbox 0 0 2482 3902; ppageno 0'>
   <div class='ocr_carea' id='block_1_1' title="bbox 183 191 1012 267">
    <p class='ocr_par' dir='ltr' id='par_1_1' title="bbox 183 191 1012 267">
     <span class='ocr_line' id='line_1_1' title="bbox 183 191 1012 267; baseline 0.007 -16"><span class='ocrx_word' id='word_1_1' title='bbox 183 195 225 258; x_wconf 83' lang='grc'><strong>90</strong></span> <span class='ocrx_word' id='word_1_2' title='bbox 340 191 455 254; x_wconf 79' lang='lat' dir='ltr'><strong>LIBER</strong></span> <span class='ocrx_word' id='word_1_3' title='bbox 468 193 601 254; x_wconf 82' lang='lat' dir='ltr'><strong>xxxltt.</strong></span> <span class='ocrx_word' id='word_1_4' title='bbox 624 192 707 254; x_wconf 79' lang='lat' dir='ltr'><strong>GAP.</strong></span> <span class='ocrx_word' id='word_1_5' title='bbox 721 199 748 255; x_wconf 85' lang='grc'><strong>8.</strong></span> <span class='ocrx_word' id='word_1_6' title='bbox 759 197 786 252; x_wconf 81' lang='grc'><strong>9,</strong></span> <span class='ocrx_word' id='word_1_7' title='bbox 807 199 844 267; x_wconf 82' lang='grc' dir='ltr'><strong>[ι.</strong></span> <span class='ocrx_word' id='word_1_8' title='bbox 860 198 896 251; x_wconf 86' lang='lat' dir='ltr'><strong>U.</strong></span> <span class='ocrx_word' id='word_1_9' title='bbox 910 215 935 252; x_wconf 82' lang='lat' dir='ltr'><strong>e.</strong></span> <span class='ocrx_word' id='word_1_10' title='bbox 950 197 1012 266; x_wconf 89' lang='grc'>555]</span> 
     </span>
    </p>
   </div>
   <div class='ocr_carea' id='block_1_2' title="bbox 180 343 1163 423">
    <p class='ocr_par' dir='ltr' id='par_1_2' title="bbox 180 343 1163 423">
     <span class='ocr_line' id='line_1_2' title="bbox 180 343 1163 423; baseline -0.001 -15"><span class='ocrx_word' id='word_1_11' title='bbox 180 351 294 409; x_wconf 81' lang='lat' dir='ltr'><strong>elatus:</strong></span> <span class='ocrx_word' id='word_1_12' title='bbox 317 363 391 408; x_wconf 88' lang='lat' dir='ltr'><strong>mox</strong></span> <span class='ocrx_word' id='word_1_13' title='bbox 405 345 626 422; x_wconf 75' lang='lat' dir='ltr'><strong>refugientibus</strong></span> <span class='ocrx_word' id='word_1_14' title='bbox 642 344 707 406; x_wconf 89' lang='lat' dir='ltr'><strong>suis</strong></span> <span class='ocrx_word' id='word_1_15' title='bbox 717 351 748 404; x_wconf 90' lang='lat' dir='ltr'><strong>et</strong></span> <span class='ocrx_word' id='word_1_16' title='bbox 758 353 875 406; x_wconf 89' lang='lat' dir='ltr'><strong>terrore</strong></span> <span class='ocrx_word' id='word_1_17' title='bbox 885 359 987 419; x_wconf 88' lang='lat' dir='ltr'><strong>verso,</strong></span> <span class='ocrx_word' id='word_1_18' title='bbox 1002 343 1163 423; x_wconf 79' lang='lat' dir='ltr'>paulisper</span> 
     </span>
    </p>
   </div>
   <div class='ocr_carea' id='block_1_3' title="bbox 175 427 1164 2514">
    <p class='ocr_par' dir='ltr' id='par_1_3' title="bbox 175 427 1164 2514">
     <span class='ocr_line' id='line_1_3' title="bbox 181 427 1164 505; baseline -0.002 -13"><span class='ocrx_word' id='word_1_19' title='bbox 181 434 324 505; x_wconf 88' lang='lat' dir='ltr'><strong>incertus,</strong></span> <span class='ocrx_word' id='word_1_20' title='bbox 339 447 378 490; x_wconf 89' lang='lat' dir='ltr'><strong>an</strong></span> <span class='ocrx_word' id='word_1_21' title='bbox 392 431 422 489; x_wconf 91' lang='lat' dir='ltr'><strong>in</strong></span> <span class='ocrx_word' id='word_1_22' title='bbox 438 435 538 490; x_wconf 88' lang='lat' dir='ltr'><strong>castra</strong></span> <span class='ocrx_word' id='word_1_23' title='bbox 551 430 703 504; x_wconf 89' lang='lat' dir='ltr'><strong>reciperet</strong></span> <span class='ocrx_word' id='word_1_24' title='bbox 716 429 833 503; x_wconf 88' lang='lat' dir='ltr'><strong>copias,</strong></span> <span class='ocrx_word' id='word_1_25' title='bbox 847 427 1027 503; x_wconf 88' lang='lat' dir='ltr'><strong>trepidavit;</strong></span> <span class='ocrx_word' id='word_1_26' title='bbox 1048 427 1164 490; x_wconf 87' lang='lat' dir='ltr'><strong>deinde</strong></span> 
     </span>
     <span class='ocr_line' id='line_1_4' title="bbox 179 511 1163 590; baseline -0.004 -14"><span class='ocrx_word' id='word_1_27' title='bbox 179 523 214 576; x_wconf 92' lang='lat' dir='ltr'><strong>ut</strong></span> <span class='ocrx_word' id='word_1_28' title='bbox 232 512 502 590; x_wconf 81' lang='lat' dir='ltr'><strong>appropinquabat</strong></span> <span class='ocrx_word' id='word_1_29' title='bbox 521 511 634 585; x_wconf 89' lang='lat' dir='ltr'><strong>hostis,</strong></span> <span class='ocrx_word' id='word_1_30' title='bbox 656 519 687 572; x_wconf 90' lang='lat' dir='ltr'><strong>et</strong></span> <span class='ocrx_word' id='word_1_31' title='bbox 708 518 922 588; x_wconf 80' lang='lat' dir='ltr'><strong>praeterquam</strong></span> <span class='ocrx_word' id='word_1_32' title='bbox 945 512 1029 588; x_wconf 89' lang='lat' dir='ltr'><strong>quod</strong></span> <span class='ocrx_word' id='word_1_33' title='bbox 1050 514 1163 574; x_wconf 89' lang='lat' dir='ltr'><strong>caede·</strong></span> 
     </span>
     <span class='ocr_line' id='line_1_5' title="bbox 179 595 1163 672; baseline -0.003 -13"><span class='ocrx_word' id='word_1_34' title='bbox 179 600 289 659; x_wconf 81' lang='lat' dir='ltr'><strong>bantur</strong></span> <span class='ocrx_word' id='word_1_35' title='bbox 314 597 430 670; x_wconf 87' lang='lat' dir='ltr'><strong>aversi,</strong></span> <span class='ocrx_word' id='word_1_36' title='bbox 456 612 514 658; x_wconf 88' lang='lat' dir='ltr'><strong>nec</strong></span> <span class='ocrx_word' id='word_1_37' title='bbox 535 595 594 656; x_wconf 90' lang='lat' dir='ltr'><strong>nisi</strong></span> <span class='ocrx_word' id='word_1_38' title='bbox 615 596 852 656; x_wconf 81' lang='lat' dir='ltr'><strong>defenderentur</strong></span> <span class='ocrx_word' id='word_1_39' title='bbox 872 595 989 656; x_wconf 85' lang='lat' dir='ltr'><strong>servari</strong></span> <span class='ocrx_word' id='word_1_40' title='bbox 1010 603 1163 672; x_wconf 79' lang='lat' dir='ltr'><strong>poterant,</strong></span> 
     </span>
     <span class='ocr_line' id='line_1_6' title="bbox 180 678 1162 758; baseline -0.001 -16"><span class='ocrx_word' id='word_1_41' title='bbox 180 697 219 742; x_wconf 86' lang='lat' dir='ltr'><strong>nc</strong></span> <span class='ocrx_word' id='word_1_42' title='bbox 232 681 293 758; x_wconf 90' lang='lat' dir='ltr'><strong>ipsi</strong></span> <span class='ocrx_word' id='word_1_43' title='bbox 311 681 435 758; x_wconf 88' lang='lat' dir='ltr'><strong>quidem</strong></span> <span class='ocrx_word' id='word_1_44' title='bbox 447 678 479 740; x_wconf 88' lang='lat' dir='ltr'><strong>iu</strong></span> <span class='ocrx_word' id='word_1_45' title='bbox 495 685 557 740; x_wconf 90' lang='lat' dir='ltr'><strong>tuto</strong></span> <span class='ocrx_word' id='word_1_46' title='bbox 573 679 786 755; x_wconf 87' lang='lat' dir='ltr'><strong>iamreceptus</strong></span> <span class='ocrx_word' id='word_1_47' title='bbox 798 685 871 754; x_wconf 88' lang='lat' dir='ltr'><strong>erat,</strong></span> <span class='ocrx_word' id='word_1_48' title='bbox 887 685 1013 742; x_wconf 87' lang='lat' dir='ltr'><strong>coactus</strong></span> <span class='ocrx_word' id='word_1_49' title='bbox 1024 681 1162 742; x_wconf 90' lang='lat' dir='ltr'><strong>nondum</strong></span> 
     </span>
     <span class='ocr_line' id='line_1_7' title="bbox 178 761 1160 841; baseline -0.002 -15"><span class='ocrx_word' id='word_1_50' title='bbox 178 765 329 826; x_wconf 87' lang='lat' dir='ltr'><strong>adsecuta</strong></span> <span class='ocrx_word' id='word_1_51' title='bbox 348 769 435 841; x_wconf 88' lang='lat' dir='ltr'><strong>parte</strong></span> <span class='ocrx_word' id='word_1_52' title='bbox 455 779 580 825; x_wconf 85' lang='lat' dir='ltr'><strong>suorum</strong></span> <span class='ocrx_word' id='word_1_53' title='bbox 597 761 766 838; x_wconf 89' lang='lat' dir='ltr'><strong>periculum</strong></span> <span class='ocrx_word' id='word_1_54' title='bbox 781 778 918 823; x_wconf 89' lang='lat' dir='ltr'><strong>summae</strong></span> <span class='ocrx_word' id='word_1_55' title='bbox 932 779 1033 824; x_wconf 87' lang='lat' dir='ltr'><strong>rerum</strong></span> <span class='ocrx_word' id='word_1_56' title='bbox 1048 763 1160 836; x_wconf 85' lang='lat' dir='ltr'><strong>lacere,</strong></span> 
     </span>
     <span class='ocr_line' id='line_1_8' title="bbox 179 845 1162 926; baseline -0.002 -17"><span class='ocrx_word' id='word_1_57' title='bbox 179 849 298 926; x_wconf 86' lang='lat' dir='ltr'><strong>equites</strong></span> <span class='ocrx_word' id='word_1_58' title='bbox 310 849 470 924; x_wconf 87' lang='lat' dir='ltr'><strong>levemque</strong></span> <span class='ocrx_word' id='word_1_59' title='bbox 478 853 669 919; x_wconf 77' lang='lat' dir='ltr'><strong>armaturam</strong></span> <span class='ocrx_word' id='word_1_60' title='bbox 676 847 729 922; x_wconf 92' lang='lat' dir='ltr'><strong>qui</strong></span> <span class='ocrx_word' id='word_1_61' title='bbox 740 845 771 906; x_wconf 94' lang='lat' dir='ltr'><strong>in</strong></span> <span class='ocrx_word' id='word_1_62' title='bbox 786 847 903 922; x_wconf 91' lang='lat' dir='ltr'><strong>proelio</strong></span> <span class='ocrx_word' id='word_1_63' title='bbox 916 847 1162 920; x_wconf 74' lang='lat' dir='ltr'><strong>inerantdaxtro</strong></span> 
     </span>
     <span class='ocr_line' id='line_1_9' title="bbox 178 929 1162 1006; baseline -0.002 -14"><span class='ocrx_word' id='word_1_64' title='bbox 178 933 210 992; x_wconf 93' lang='lat' dir='ltr'><strong>in</strong></span> <span class='ocrx_word' id='word_1_65' title='bbox 222 947 319 994; x_wconf 92' lang='lat' dir='ltr'><strong>cornu</strong></span> <span class='ocrx_word' id='word_1_66' title='bbox 329 933 419 1006; x_wconf 85' lang='lat' dir='ltr'><strong>locat,</strong></span> <span class='ocrx_word' id='word_1_67' title='bbox 428 931 460 969; x_wconf 81' lang='lat'><strong>**</strong></span> <span class='ocrx_word' id='word_1_68' title='bbox 473 937 640 992; x_wconf 84' lang='lat' dir='ltr'><strong>caetrat0s=</strong></span> <span class='ocrx_word' id='word_1_69' title='bbox 654 929 858 990; x_wconf 81' lang='lat' dir='ltr'><strong>Macedonum</strong></span> <span class='ocrx_word' id='word_1_70' title='bbox 868 929 1051 1006; x_wconf 79' lang='lat' dir='ltr'><strong>phalangem</strong></span> <span class='ocrx_word' id='word_1_71' title='bbox 1062 930 1162 992; x_wconf 89' lang='lat' dir='ltr'><strong>hastis</strong></span> 
     </span>
     <span class='ocr_line' id='line_1_10' title="bbox 177 1013 1161 1093; baseline -0.001 -16"><span class='ocrx_word' id='word_1_72' title='bbox 177 1015 304 1093; x_wconf 87' lang='lat' dir='ltr'><strong>positis,</strong></span> <span class='ocrx_word' id='word_1_73' title='bbox 327 1029 454 1091; x_wconf 85' lang='lat' dir='ltr'><strong>quarum</strong></span> <span class='ocrx_word' id='word_1_74' title='bbox 469 1013 627 1090; x_wconf 83' lang='lat' dir='ltr'><strong>longitudo</strong></span> <span class='ocrx_word' id='word_1_75' title='bbox 642 1013 858 1090; x_wconf 85' lang='lat' dir='ltr'><strong>impedimento</strong></span> <span class='ocrx_word' id='word_1_76' title='bbox 875 1021 955 1088; x_wconf 89' lang='lat' dir='ltr'><strong>erat,</strong></span> <span class='ocrx_word' id='word_1_77' title='bbox 970 1013 1080 1090; x_wconf 78' lang='lat' dir='ltr'><strong>gladiis</strong></span> <span class='ocrx_word' id='word_1_78' title='bbox 1095 1030 1161 1076; x_wconf 86' lang='lat' dir='ltr'><strong>rem</strong></span> 
     </span>
     <span class='ocr_line' id='line_1_11' title="bbox 178 1097 1159 1175; baseline -0.003 -14"><span class='ocrx_word' id='word_1_79' title='bbox 178 1115 286 1175; x_wconf 83' lang='lat' dir='ltr'><strong>gerere</strong></span> <span class='ocrx_word' id='word_1_80' title='bbox 300 1098 392 1160; x_wconf 90' lang='lat' dir='ltr'><strong>iubet.</strong></span> <span class='ocrx_word' id='word_1_81' title='bbox 425 1099 516 1160; x_wconf 91' lang='lat' dir='ltr'><strong>simul</strong></span> <span class='ocrx_word' id='word_1_82' title='bbox 531 1113 570 1158; x_wconf 91' lang='lat' dir='ltr'><strong>ne</strong></span> <span class='ocrx_word' id='word_1_83' title='bbox 584 1099 673 1158; x_wconf 85' lang='lat' dir='ltr'><strong>facile</strong></span> <span class='ocrx_word' id='word_1_84' title='bbox 687 1104 936 1174; x_wconf 86' lang='lat' dir='ltr'><strong>perrumperetur</strong></span> <span class='ocrx_word' id='word_1_85' title='bbox 951 1097 1050 1172; x_wconf 88' lang='lat' dir='ltr'><strong>acies,</strong></span> <span class='ocrx_word' id='word_1_86' title='bbox 1073 1097 1159 1158; x_wconf 88' lang='lat' dir='ltr'><strong>dimi·</strong></span> 
     </span>
     <span class='ocr_line' id='line_1_12' title="bbox 178 1179 1160 1258; baseline -0.004 -14"><span class='ocrx_word' id='word_1_87' title='bbox 178 1183 262 1245; x_wconf 88' lang='lat' dir='ltr'><strong>dium</strong></span> <span class='ocrx_word' id='word_1_88' title='bbox 285 1183 325 1243; x_wconf 90' lang='lat' dir='ltr'><strong>de</strong></span> <span class='ocrx_word' id='word_1_89' title='bbox 349 1184 449 1244; x_wconf 87' lang='lat' dir='ltr'><strong>tronte</strong></span> <span class='ocrx_word' id='word_1_90' title='bbox 473 1183 630 1258; x_wconf 88' lang='lat' dir='ltr'><strong>dempturn</strong></span> <span class='ocrx_word' id='word_1_91' title='bbox 654 1181 805 1243; x_wconf 84' lang='lat' dir='ltr'><strong>introrsus</strong></span> <span class='ocrx_word' id='word_1_92' title='bbox 826 1181 978 1256; x_wconf 79' lang='lat' dir='ltr'><strong>porrectis</strong></span> <span class='ocrx_word' id='word_1_93' title='bbox 999 1179 1160 1242; x_wconf 89' lang='lat' dir='ltr'><strong>ordinibus</strong></span> 
     </span>
     <span class='ocr_line' id='line_1_13' title="bbox 178 1264 1162 1343; baseline -0.005 -15"><span class='ocrx_word' id='word_1_94' title='bbox 178 1268 326 1343; x_wconf 89' lang='lat' dir='ltr'><strong>duplicat,</strong></span> <span class='ocrx_word' id='word_1_95' title='bbox 347 1272 380 1327; x_wconf 92' lang='lat' dir='ltr'><strong>ut</strong></span> <span class='ocrx_word' id='word_1_96' title='bbox 393 1267 486 1342; x_wconf 88' lang='lat' dir='ltr'><strong>longa</strong></span> <span class='ocrx_word' id='word_1_97' title='bbox 500 1265 603 1342; x_wconf 91' lang='lat' dir='ltr'><strong>potius</strong></span> <span class='ocrx_word' id='word_1_98' title='bbox 619 1281 712 1342; x_wconf 91' lang='lat' dir='ltr'><strong>quam</strong></span> <span class='ocrx_word' id='word_1_99' title='bbox 728 1265 790 1326; x_wconf 88' lang='lat' dir='ltr'><strong>lata</strong></span> <span class='ocrx_word' id='word_1_100' title='bbox 803 1265 887 1326; x_wconf 88' lang='lat' dir='ltr'><strong>acies</strong></span> <span class='ocrx_word' id='word_1_101' title='bbox 903 1271 1002 1339; x_wconf 87' lang='lat' dir='ltr'><strong>esset,</strong></span> <span class='ocrx_word' id='word_1_102' title='bbox 1024 1264 1116 1325; x_wconf 91' lang='lat' dir='ltr'><strong>simut</strong></span> <span class='ocrx_word' id='word_1_103' title='bbox 1132 1275 1162 1324; x_wconf 88' lang='lat' dir='ltr'><strong>el</strong></span> 
     </span>
     <span class='ocr_line' id='line_1_14' title="bbox 177 1348 1159 1425; baseline -0.006 -13"><span class='ocrx_word' id='word_1_104' title='bbox 177 1351 302 1412; x_wconf 90' lang='lat' dir='ltr'><strong>densari</strong></span> <span class='ocrx_word' id='word_1_105' title='bbox 314 1349 438 1410; x_wconf 88' lang='lat' dir='ltr'><strong>ordines</strong></span> <span class='ocrx_word' id='word_1_106' title='bbox 451 1350 549 1425; x_wconf 92' lang='lat' dir='ltr'><strong>iussit,</strong></span> <span class='ocrx_word' id='word_1_107' title='bbox 563 1357 597 1410; x_wconf 88' lang='lat' dir='ltr'><strong>ut</strong></span> <span class='ocrx_word' id='word_1_108' title='bbox 606 1350 654 1410; x_wconf 86' lang='lat' dir='ltr'><strong>vir</strong></span> <span class='ocrx_word' id='word_1_109' title='bbox 663 1349 740 1423; x_wconf 90' lang='lat' dir='ltr'><strong>viro,</strong></span> <span class='ocrx_word' id='word_1_110' title='bbox 751 1363 836 1408; x_wconf 88' lang='lat' dir='ltr'><strong>arma</strong></span> <span class='ocrx_word' id='word_1_111' title='bbox 848 1349 939 1409; x_wconf 71' lang='lat' dir='ltr'><strong>umis</strong></span> <span class='ocrx_word' id='word_1_112' title='bbox 951 1348 1159 1423; x_wconf 85' lang='lat' dir='ltr'><strong>iungerentur.</strong></span> 
     </span>
     <span class='ocr_line' id='line_1_15' title="bbox 177 1432 1162 1509; baseline -0.004 -14"><span class='ocrx_word' id='word_1_113' title='bbox 177 1435 227 1495; x_wconf 85' lang='lat' dir='ltr'><strong>lX.</strong></span> <span class='ocrx_word' id='word_1_114' title='bbox 257 1434 415 1508; x_wconf 82' lang='lat' dir='ltr'><strong>Quinctius</strong></span> <span class='ocrx_word' id='word_1_115' title='bbox 439 1433 488 1494; x_wconf 92' lang='lat' dir='ltr'><strong>his</strong></span> <span class='ocrx_word' id='word_1_116' title='bbox 512 1434 564 1509; x_wconf 91' lang='lat' dir='ltr'><strong>qui</strong></span> <span class='ocrx_word' id='word_1_117' title='bbox 584 1435 615 1494; x_wconf 90' lang='lat' dir='ltr'><strong>in</strong></span> <span class='ocrx_word' id='word_1_118' title='bbox 636 1433 753 1508; x_wconf 91' lang='lat' dir='ltr'><strong>proelio</strong></span> <span class='ocrx_word' id='word_1_119' title='bbox 779 1432 899 1492; x_wconf 84' lang='lat' dir='ltr'><strong>fuerant</strong></span> <span class='ocrx_word' id='word_1_120' title='bbox 915 1433 993 1492; x_wconf 88' lang='lat' dir='ltr'><strong>inter</strong></span> <span class='ocrx_word' id='word_1_121' title='bbox 1019 1432 1111 1507; x_wconf 87' lang='lat' dir='ltr'><strong>signa</strong></span> <span class='ocrx_word' id='word_1_122' title='bbox 1130 1441 1162 1492; x_wconf 88' lang='lat' dir='ltr'><strong>et</strong></span> 
     </span>
     <span class='ocr_line' id='line_1_16' title="bbox 177 1515 1161 1592; baseline -0.005 -13"><span class='ocrx_word' id='word_1_123' title='bbox 177 1518 302 1579; x_wconf 89' lang='lat' dir='ltr'><strong>ordines</strong></span> <span class='ocrx_word' id='word_1_124' title='bbox 314 1516 451 1592; x_wconf 86' lang='lat' dir='ltr'><strong>acceptis</strong></span> <span class='ocrx_word' id='word_1_125' title='bbox 461 1517 536 1577; x_wconf 91' lang='lat' dir='ltr'><strong>tuba</strong></span> <span class='ocrx_word' id='word_1_126' title='bbox 546 1516 599 1577; x_wconf 89' lang='lat' dir='ltr'><strong>dat</strong></span> <span class='ocrx_word' id='word_1_127' title='bbox 608 1515 739 1592; x_wconf 86' lang='lat' dir='ltr'><strong>signum.</strong></span> <span class='ocrx_word' id='word_1_128' title='bbox 759 1532 829 1576; x_wconf 89' lang='lat' dir='ltr'><strong>raro</strong></span> <span class='ocrx_word' id='word_1_129' title='bbox 841 1516 917 1578; x_wconf 86' lang='lat' dir='ltr'><strong>alias</strong></span> <span class='ocrx_word' id='word_1_130' title='bbox 930 1523 1031 1577; x_wconf 89' lang='lat' dir='ltr'><strong>tantus</strong></span> <span class='ocrx_word' id='word_1_131' title='bbox 1043 1518 1161 1577; x_wconf 89' lang='lat' dir='ltr'><strong>clamor</strong></span> 
     </span>
     <span class='ocr_line' id='line_1_17' title="bbox 177 1599 1161 1676; baseline -0.002 -14"><span class='ocrx_word' id='word_1_132' title='bbox 177 1601 288 1662; x_wconf 88' lang='lat' dir='ltr'><strong>dicitur</strong></span> <span class='ocrx_word' id='word_1_133' title='bbox 306 1601 338 1660; x_wconf 93' lang='lat' dir='ltr'><strong>in</strong></span> <span class='ocrx_word' id='word_1_134' title='bbox 358 1599 507 1675; x_wconf 88' lang='lat' dir='ltr'><strong>principio</strong></span> <span class='ocrx_word' id='word_1_135' title='bbox 529 1614 651 1676; x_wconf 89' lang='lat' dir='ltr'><strong>pugnae</strong></span> <span class='ocrx_word' id='word_1_136' title='bbox 671 1605 813 1662; x_wconf 79' lang='lat' dir='ltr'><strong>exortus:</strong></span> <span class='ocrx_word' id='word_1_137' title='bbox 841 1616 912 1660; x_wconf 89' lang='lat' dir='ltr'><strong>nam</strong></span> <span class='ocrx_word' id='word_1_138' title='bbox 932 1601 1011 1660; x_wconf 84' lang='lat' dir='ltr'><strong>torte</strong></span> <span class='ocrx_word' id='word_1_139' title='bbox 1027 1607 1161 1675; x_wconf 87' lang='lat' dir='ltr'><strong>utraque</strong></span> 
     </span>
     <span class='ocr_line' id='line_1_18' title="bbox 177 1683 1161 1760; baseline -0.002 -16"><span class='ocrx_word' id='word_1_140' title='bbox 177 1685 262 1744; x_wconf 87' lang='lat' dir='ltr'><strong>acies</strong></span> <span class='ocrx_word' id='word_1_141' title='bbox 276 1684 367 1744; x_wconf 85' lang='lat' dir='ltr'><strong>simul</strong></span> <span class='ocrx_word' id='word_1_142' title='bbox 382 1685 623 1757; x_wconf 85' lang='lat' dir='ltr'><strong>conclamavere,</strong></span> <span class='ocrx_word' id='word_1_143' title='bbox 643 1698 702 1744; x_wconf 88' lang='lat' dir='ltr'><strong>neo</strong></span> <span class='ocrx_word' id='word_1_144' title='bbox 716 1686 817 1745; x_wconf 89' lang='lat' dir='ltr'><strong>solum</strong></span> <span class='ocrx_word' id='word_1_145' title='bbox 832 1683 884 1760; x_wconf 92' lang='lat' dir='ltr'><strong>qui</strong></span> <span class='ocrx_word' id='word_1_146' title='bbox 898 1684 1086 1759; x_wconf 83' lang='lat' dir='ltr'><strong>pugnabant,</strong></span> <span class='ocrx_word' id='word_1_147' title='bbox 1101 1685 1161 1744; x_wconf 86' lang='lat' dir='ltr'><strong>sed</strong></span> 
     </span>
     <span class='ocr_line' id='line_1_19' title="bbox 176 1765 1159 1844; baseline -0.002 -16"><span class='ocrx_word' id='word_1_148' title='bbox 176 1765 318 1828; x_wconf 89' lang='lat' dir='ltr'><strong>subsidia</strong></span> <span class='ocrx_word' id='word_1_149' title='bbox 332 1765 422 1827; x_wconf 90' lang='lat' dir='ltr'><strong>etiam</strong></span> <span class='ocrx_word' id='word_1_150' title='bbox 437 1768 551 1844; x_wconf 89' lang='lat' dir='ltr'><strong>quiquo</strong></span> <span class='ocrx_word' id='word_1_151' title='bbox 564 1774 628 1828; x_wconf 91' lang='lat' dir='ltr'><strong>tum</strong></span> <span class='ocrx_word' id='word_1_152' title='bbox 638 1767 770 1828; x_wconf 88' lang='lat' dir='ltr'><strong>maxime</strong></span> <span class='ocrx_word' id='word_1_153' title='bbox 780 1767 810 1827; x_wconf 92' lang='lat' dir='ltr'><strong>in</strong></span> <span class='ocrx_word' id='word_1_154' title='bbox 822 1768 973 1842; x_wconf 88' lang='lat' dir='ltr'><strong>proelium</strong></span> <span class='ocrx_word' id='word_1_155' title='bbox 984 1766 1159 1828; x_wconf 85' lang='lat' dir='ltr'><strong>veniebant</strong></span> 
     </span>
     <span class='ocr_line' id='line_1_20' title="bbox 176 1849 1159 1927; baseline 0.002 -17"><span class='ocrx_word' id='word_1_156' title='bbox 176 1851 285 1911; x_wconf 88' lang='lat' dir='ltr'><strong>dextro</strong></span> <span class='ocrx_word' id='word_1_157' title='bbox 301 1865 398 1912; x_wconf 89' lang='lat' dir='ltr'><strong>cornu</strong></span> <span class='ocrx_word' id='word_1_158' title='bbox 410 1867 467 1911; x_wconf 92' lang='lat' dir='ltr'><strong>rex</strong></span> <span class='ocrx_word' id='word_1_159' title='bbox 480 1851 540 1914; x_wconf 91' lang='lat' dir='ltr'><strong>looi</strong></span> <span class='ocrx_word' id='word_1_160' title='bbox 554 1851 717 1927; x_wconf 88' lang='lat' dir='ltr'><strong>plurimum</strong></span> <span class='ocrx_word' id='word_1_161' title='bbox 731 1851 845 1913; x_wconf 90' lang='lat' dir='ltr'><strong>auxilio</strong></span> <span class='ocrx_word' id='word_1_162' title='bbox 857 1867 897 1912; x_wconf 89' lang='lat' dir='ltr'><strong>ex</strong></span> <span class='ocrx_word' id='word_1_163' title='bbox 906 1851 986 1927; x_wconf 83' lang='lat' dir='ltr'><strong>iugis</strong></span> <span class='ocrx_word' id='word_1_164' title='bbox 998 1849 1159 1912; x_wconf 89' lang='lat' dir='ltr'><strong>altioribus</strong></span> 
     </span>
     <span class='ocr_line' id='line_1_21' title="bbox 175 1935 1159 2011; baseline 0 -17"><span class='ocrx_word' id='word_1_165' title='bbox 175 1950 318 2011; x_wconf 86' lang='lat' dir='ltr'><strong>pugnans</strong></span> <span class='ocrx_word' id='word_1_166' title='bbox 337 1935 494 2007; x_wconf 64' lang='lat' dir='ltr'><strong>vincebam</strong></span> <span class='ocrx_word' id='word_1_167' title='bbox 521 1935 644 1997; x_wconf 90' lang='lat' dir='ltr'><strong>sinistro</strong></span> <span class='ocrx_word' id='word_1_168' title='bbox 664 1941 727 1997; x_wconf 90' lang='lat' dir='ltr'><strong>tum</strong></span> <span class='ocrx_word' id='word_1_169' title='bbox 749 1951 819 1996; x_wconf 84' lang='lat' dir='ltr'><strong>curn</strong></span> <span class='ocrx_word' id='word_1_170' title='bbox 838 1935 968 1996; x_wconf 89' lang='lat' dir='ltr'><strong>maxime</strong></span> <span class='ocrx_word' id='word_1_171' title='bbox 989 1936 1159 2010; x_wconf 88' lang='lat' dir='ltr'><strong>appropin-</strong></span> 
     </span>
     <span class='ocr_line' id='line_1_22' title="bbox 176 2017 1153 2096; baseline 0 -16"><span class='ocrx_word' id='word_1_172' title='bbox 176 2025 292 2095; x_wconf 89' lang='lat' dir='ltr'><strong>quante</strong></span> <span class='ocrx_word' id='word_1_173' title='bbox 312 2019 473 2095; x_wconf 89' lang='lat' dir='ltr'><strong>phalangis</strong></span> <span class='ocrx_word' id='word_1_174' title='bbox 496 2027 597 2094; x_wconf 88' lang='lat' dir='ltr'><strong>parte,</strong></span> <span class='ocrx_word' id='word_1_175' title='bbox 620 2035 700 2096; x_wconf 89' lang='lat' dir='ltr'><strong>quae</strong></span> <span class='ocrx_word' id='word_1_176' title='bbox 721 2019 880 2080; x_wconf 88' lang='lat' dir='ltr'><strong>novissimi</strong></span> <span class='ocrx_word' id='word_1_177' title='bbox 901 2017 1031 2094; x_wconf 87' lang='lat' dir='ltr'><strong>agminis</strong></span> <span class='ocrx_word' id='word_1_178' title='bbox 1047 2019 1153 2096; x_wconf 81' lang='lat' dir='ltr'><strong>iuerat</strong></span> 
     </span>
     <span class='ocr_line' id='line_1_23' title="bbox 176 2102 1156 2180; baseline -0.001 -17"><span class='ocrx_word' id='word_1_179' title='bbox 176 2104 243 2164; x_wconf 92' lang='lat' dir='ltr'><strong>sine</strong></span> <span class='ocrx_word' id='word_1_180' title='bbox 257 2104 319 2165; x_wconf 89' lang='lat' dir='ltr'><strong>ulto</strong></span> <span class='ocrx_word' id='word_1_181' title='bbox 335 2104 442 2164; x_wconf 90' lang='lat' dir='ltr'><strong>ordine</strong></span> <span class='ocrx_word' id='word_1_182' title='bbox 455 2103 675 2180; x_wconf 88' lang='lat' dir='ltr'><strong>trepidabatur.</strong></span> <span class='ocrx_word' id='word_1_183' title='bbox 704 2103 804 2162; x_wconf 85' lang='lat' dir='ltr'><strong>media</strong></span> <span class='ocrx_word' id='word_1_184' title='bbox 818 2102 911 2174; x_wconf 88' lang='lat' dir='ltr'><strong>acies,</strong></span> <span class='ocrx_word' id='word_1_185' title='bbox 935 2118 1015 2177; x_wconf 88' lang='lat' dir='ltr'><strong>quae</strong></span> <span class='ocrx_word' id='word_1_186' title='bbox 1030 2103 1156 2179; x_wconf 90' lang='lat' dir='ltr'><strong>propior</strong></span> 
     </span>
     <span class='ocr_line' id='line_1_24' title="bbox 175 2185 1160 2262; baseline -0.002 -14"><span class='ocrx_word' id='word_1_187' title='bbox 175 2189 317 2248; x_wconf 89' lang='lat' dir='ltr'><strong>dextrum</strong></span> <span class='ocrx_word' id='word_1_188' title='bbox 337 2202 433 2248; x_wconf 85' lang='lat' dir='ltr'><strong>cornu</strong></span> <span class='ocrx_word' id='word_1_189' title='bbox 452 2194 532 2261; x_wconf 88' lang='lat' dir='ltr'><strong>erat,</strong></span> <span class='ocrx_word' id='word_1_190' title='bbox 547 2187 648 2248; x_wconf 87' lang='lat' dir='ltr'><strong>stabat</strong></span> <span class='ocrx_word' id='word_1_191' title='bbox 666 2188 843 2262; x_wconf 88' lang='lat' dir='ltr'><strong>spectaculo</strong></span> <span class='ocrx_word' id='word_1_192' title='bbox 863 2187 947 2246; x_wconf 87' lang='lat' dir='ltr'><strong>velut</strong></span> <span class='ocrx_word' id='word_1_193' title='bbox 965 2185 1040 2246; x_wconf 90' lang='lat' dir='ltr'><strong>nihil</strong></span> <span class='ocrx_word' id='word_1_194' title='bbox 1060 2187 1101 2247; x_wconf 89' lang='lat' dir='ltr'><strong>ad</strong></span> <span class='ocrx_word' id='word_1_195' title='bbox 1124 2203 1160 2248; x_wconf 91' lang='lat' dir='ltr'><strong>se</strong></span> 
     </span>
     <span class='ocr_line' id='line_1_25' title="bbox 177 2269 1159 2349; baseline -0.002 -19"><span class='ocrx_word' id='word_1_196' title='bbox 177 2270 356 2349; x_wconf 91' lang='lat' dir='ltr'><strong>pertinentis</strong></span> <span class='ocrx_word' id='word_1_197' title='bbox 371 2285 495 2345; x_wconf 88' lang='lat' dir='ltr'><strong>pugnae</strong></span> <span class='ocrx_word' id='word_1_198' title='bbox 509 2269 633 2334; x_wconf 86' lang='lat' dir='ltr'><strong>intenta.</strong></span> <span class='ocrx_word' id='word_1_199' title='bbox 653 2271 789 2348; x_wconf 87' lang='lat' dir='ltr'><strong>phalanx</strong></span> <span class='ocrx_word' id='word_1_200' title='bbox 804 2285 883 2346; x_wconf 90' lang='lat' dir='ltr'><strong>quae</strong></span> <span class='ocrx_word' id='word_1_201' title='bbox 896 2276 1031 2344; x_wconf 86' lang='lat' dir='ltr'><strong>venerat,</strong></span> <span class='ocrx_word' id='word_1_202' title='bbox 1046 2285 1159 2344; x_wconf 85' lang='lat' dir='ltr'><strong>agmen</strong></span> 
     </span>
     <span class='ocr_line' id='line_1_26' title="bbox 175 2353 1159 2431; baseline 0.002 -17"><span class='ocrx_word' id='word_1_203' title='bbox 175 2354 272 2430; x_wconf 89' lang='lat' dir='ltr'><strong>magis</strong></span> <span class='ocrx_word' id='word_1_204' title='bbox 288 2369 380 2430; x_wconf 88' lang='lat' dir='ltr'><strong>quam</strong></span> <span class='ocrx_word' id='word_1_205' title='bbox 394 2353 477 2414; x_wconf 86' lang='lat' dir='ltr'><strong>acies</strong></span> <span class='ocrx_word' id='word_1_206' title='bbox 492 2356 655 2430; x_wconf 88' lang='lat' dir='ltr'><strong>aptiorque</strong></span> <span class='ocrx_word' id='word_1_207' title='bbox 668 2355 768 2416; x_wconf 87' lang='lat' dir='ltr'><strong>itineri</strong></span> <span class='ocrx_word' id='word_1_208' title='bbox 780 2370 872 2430; x_wconf 88' lang='lat' dir='ltr'><strong>quam</strong></span> <span class='ocrx_word' id='word_1_209' title='bbox 882 2369 1014 2431; x_wconf 89' lang='lat' dir='ltr'><strong>pugnae,</strong></span> <span class='ocrx_word' id='word_1_210' title='bbox 1029 2353 1159 2416; x_wconf 89' lang='lat' dir='ltr'><strong>vixdum</strong></span> 
     </span>
     <span class='ocr_line' id='line_1_27' title="bbox 175 2437 1159 2514; baseline 0 -17"><span class='ocrx_word' id='word_1_211' title='bbox 175 2439 206 2498; x_wconf 93' lang='lat' dir='ltr'><strong>in</strong></span> <span class='ocrx_word' id='word_1_212' title='bbox 221 2438 324 2514; x_wconf 89' lang='lat' dir='ltr'><strong>iugum</strong></span> <span class='ocrx_word' id='word_1_213' title='bbox 339 2445 488 2499; x_wconf 85' lang='lat' dir='ltr'><strong>evaserat.</strong></span> <span class='ocrx_word' id='word_1_214' title='bbox 509 2440 540 2498; x_wconf 94' lang='lat' dir='ltr'><strong>in</strong></span> <span class='ocrx_word' id='word_1_215' title='bbox 554 2439 612 2500; x_wconf 92' lang='lat' dir='ltr'><strong>hos</strong></span> <span class='ocrx_word' id='word_1_216' title='bbox 627 2437 850 2514; x_wconf 89' lang='lat' dir='ltr'><strong>incompositos</strong></span> <span class='ocrx_word' id='word_1_217' title='bbox 865 2437 1033 2513; x_wconf 83' lang='lat' dir='ltr'><strong>Quinctius,</strong></span> <span class='ocrx_word' id='word_1_218' title='bbox 1049 2451 1159 2513; x_wconf 89' lang='lat' dir='ltr'><strong>quam·</strong></span> 
     </span>
    </p>
   </div>
   <div class='ocr_carea' id='block_1_4' title="bbox 176 2513 1228 2598">
    <p class='ocr_par' dir='ltr' id='par_1_4' title="bbox 176 2513 1228 2598">
     <span class='ocr_line' id='line_1_28' title="bbox 176 2513 1228 2598; baseline -0.003 -15"><span class='ocrx_word' id='word_1_219' title='bbox 176 2538 269 2597; x_wconf 87' lang='lat' dir='ltr'><strong>quant</strong></span> <span class='ocrx_word' id='word_1_220' title='bbox 290 2523 400 2598; x_wconf 90' lang='lat' dir='ltr'><strong>pedem</strong></span> <span class='ocrx_word' id='word_1_221' title='bbox 419 2523 587 2584; x_wconf 87' lang='lat' dir='ltr'><strong>relerentes</strong></span> <span class='ocrx_word' id='word_1_222' title='bbox 608 2522 638 2582; x_wconf 92' lang='lat' dir='ltr'><strong>in</strong></span> <span class='ocrx_word' id='word_1_223' title='bbox 659 2523 768 2583; x_wconf 91' lang='lat' dir='ltr'><strong>dextro</strong></span> <span class='ocrx_word' id='word_1_224' title='bbox 791 2537 888 2582; x_wconf 91' lang='lat' dir='ltr'><strong>cornu</strong></span> <span class='ocrx_word' id='word_1_225' title='bbox 908 2537 983 2582; x_wconf 90' lang='lat' dir='ltr'><strong>suos</strong></span> <span class='ocrx_word' id='word_1_226' title='bbox 1002 2519 1158 2594; x_wconf 84' lang='lat' dir='ltr'><strong>cernebat,</strong></span> <span class='ocrx_word' id='word_1_227' title='bbox 1227 2513 1228 2552; x_wconf 47' lang='lat' dir='ltr'><strong>t</strong></span> 
     </span>
    </p>
   </div>
   <div class='ocr_carea' id='block_1_5' title="bbox 174 2605 1157 2681">
    <p class='ocr_par' dir='ltr' id='par_1_5' title="bbox 174 2605 1157 2681">
     <span class='ocr_line' id='line_1_29' title="bbox 174 2605 1157 2681; baseline -0.002 -15"><span class='ocrx_word' id='word_1_228' title='bbox 174 2605 346 2681; x_wconf 85' lang='lat' dir='ltr'><strong>elephantis</strong></span> <span class='ocrx_word' id='word_1_229' title='bbox 362 2605 446 2681; x_wconf 92' lang='lat' dir='ltr'><strong>prius</strong></span> <span class='ocrx_word' id='word_1_230' title='bbox 462 2606 493 2666; x_wconf 90' lang='lat' dir='ltr'><strong>in</strong></span> <span class='ocrx_word' id='word_1_231' title='bbox 507 2606 628 2668; x_wconf 89' lang='lat' dir='ltr'><strong>hostem</strong></span> <span class='ocrx_word' id='word_1_232' title='bbox 645 2605 721 2666; x_wconf 87' lang='lat' dir='ltr'><strong>actis</strong></span> <span class='ocrx_word' id='word_1_233' title='bbox 735 2605 879 2680; x_wconf 92' lang='lat' dir='ltr'><strong>impetum</strong></span> <span class='ocrx_word' id='word_1_234' title='bbox 890 2605 971 2677; x_wconf 87' lang='lat' dir='ltr'><strong>iacit,</strong></span> <span class='ocrx_word' id='word_1_235' title='bbox 986 2611 1073 2665; x_wconf 92' lang='lat' dir='ltr'><strong>ratus</strong></span> <span class='ocrx_word' id='word_1_236' title='bbox 1085 2621 1157 2680; x_wconf 88' lang='lat' dir='ltr'><strong>par·</strong></span> 
     </span>
    </p>
   </div>
   <div class='ocr_carea' id='block_1_6' title="bbox 173 2685 1227 2765">
    <p class='ocr_par' dir='ltr' id='par_1_6' title="bbox 173 2685 1227 2765">
     <span class='ocr_line' id='line_1_30' title="bbox 173 2685 1227 2765; baseline -0.007 -16"><span class='ocrx_word' id='word_1_237' title='bbox 173 2697 235 2749; x_wconf 90' lang='lat' dir='ltr'><strong>tem</strong></span> <span class='ocrx_word' id='word_1_238' title='bbox 259 2689 454 2765; x_wconf 87' lang='lat' dir='ltr'><strong>profligatam</strong></span> <span class='ocrx_word' id='word_1_239' title='bbox 480 2696 583 2750; x_wconf 88' lang='lat' dir='ltr'><strong>cetera</strong></span> <span class='ocrx_word' id='word_1_240' title='bbox 603 2695 776 2750; x_wconf 89' lang='lat' dir='ltr'><strong>tracturam.</strong></span> <span class='ocrx_word' id='word_1_241' title='bbox 811 2704 873 2750; x_wconf 93' lang='lat' dir='ltr'><strong>non</strong></span> <span class='ocrx_word' id='word_1_242' title='bbox 898 2687 992 2748; x_wconf 88' lang='lat' dir='ltr'><strong>dubia</strong></span> <span class='ocrx_word' id='word_1_243' title='bbox 1011 2703 1063 2748; x_wconf 87' lang='lat' dir='ltr'><strong>res</strong></span> <span class='ocrx_word' id='word_1_244' title='bbox 1084 2685 1157 2750; x_wconf 78' lang='lat' dir='ltr'><strong>tuit=</strong></span> <span class='ocrx_word' id='word_1_245' title='bbox 1226 2749 1227 2756; x_wconf 7' lang='grc' dir='ltr'>χ</span> 
     </span>
    </p>
   </div>
   <div class='ocr_carea' id='block_1_7' title="bbox 172 2770 1157 3516">
    <p class='ocr_par' dir='ltr' id='par_1_7' title="bbox 172 2770 1157 3516">
     <span class='ocr_line' id='line_1_31' title="bbox 174 2770 1157 2850; baseline 0 -19"><span class='ocrx_word' id='word_1_246' title='bbox 174 2774 329 2847; x_wconf 87' lang='lat' dir='ltr'><strong>extemplo</strong></span> <span class='ocrx_word' id='word_1_247' title='bbox 345 2780 432 2846; x_wconf 83' lang='lat' dir='ltr'><strong>terga</strong></span> <span class='ocrx_word' id='word_1_248' title='bbox 446 2779 565 2833; x_wconf 88' lang='lat' dir='ltr'><strong>vertere</strong></span> <span class='ocrx_word' id='word_1_249' title='bbox 579 2771 776 2846; x_wconf 86' lang='lat' dir='ltr'><strong>Macedones,</strong></span> <span class='ocrx_word' id='word_1_250' title='bbox 795 2779 912 2834; x_wconf 83' lang='lat' dir='ltr'><strong>terrore</strong></span> <span class='ocrx_word' id='word_1_251' title='bbox 925 2771 1025 2850; x_wconf 90' lang='lat' dir='ltr'><strong>primo</strong></span> <span class='ocrx_word' id='word_1_252' title='bbox 1040 2770 1157 2836; x_wconf 87' lang='lat' dir='ltr'><strong>bestia·</strong></span> 
     </span>
     <span class='ocr_line' id='line_1_32' title="bbox 173 2854 1156 2932; baseline 0.004 -19"><span class='ocrx_word' id='word_1_253' title='bbox 173 2869 242 2914; x_wconf 90' lang='lat' dir='ltr'><strong>rum</strong></span> <span class='ocrx_word' id='word_1_254' title='bbox 265 2855 375 2914; x_wconf 88' lang='lat' dir='ltr'><strong>aversi.</strong></span> <span class='ocrx_word' id='word_1_255' title='bbox 408 2861 439 2913; x_wconf 86' lang='lat' dir='ltr'><strong>et</strong></span> <span class='ocrx_word' id='word_1_256' title='bbox 458 2854 550 2915; x_wconf 88' lang='lat' dir='ltr'><strong>ceteri</strong></span> <span class='ocrx_word' id='word_1_257' title='bbox 572 2854 697 2930; x_wconf 89' lang='lat' dir='ltr'><strong>quidem</strong></span> <span class='ocrx_word' id='word_1_258' title='bbox 718 2855 776 2916; x_wconf 91' lang='lat' dir='ltr'><strong>hos</strong></span> <span class='ocrx_word' id='word_1_259' title='bbox 798 2858 906 2932; x_wconf 90' lang='lat' dir='ltr'><strong>pulsos</strong></span> <span class='ocrx_word' id='word_1_260' title='bbox 927 2855 1156 2930; x_wconf 89' lang='lat' dir='ltr'><strong>sequebantur;</strong></span> 
     </span>
     <span class='ocr_line' id='line_1_33' title="bbox 173 2935 1156 3014; baseline 0.003 -17"><span class='ocrx_word' id='word_1_261' title='bbox 173 2953 254 2997; x_wconf 86' lang='lat' dir='ltr'><strong>unus</strong></span> <span class='ocrx_word' id='word_1_262' title='bbox 269 2953 287 2996; x_wconf 92' lang='lat' dir='ltr'><strong>e</strong></span> <span class='ocrx_word' id='word_1_263' title='bbox 300 2935 429 2997; x_wconf 88' lang='lat' dir='ltr'><strong>tribunis</strong></span> <span class='ocrx_word' id='word_1_264' title='bbox 450 2937 576 2998; x_wconf 89' lang='lat' dir='ltr'><strong>militum</strong></span> <span class='ocrx_word' id='word_1_265' title='bbox 596 2953 635 2997; x_wconf 90' lang='lat' dir='ltr'><strong>ex</strong></span> <span class='ocrx_word' id='word_1_266' title='bbox 655 2945 794 3014; x_wconf 89' lang='lat' dir='ltr'><strong>ternpore</strong></span> <span class='ocrx_word' id='word_1_267' title='bbox 810 2947 900 3014; x_wconf 90' lang='lat' dir='ltr'><strong>capto</strong></span> <span class='ocrx_word' id='word_1_268' title='bbox 916 2937 1063 3012; x_wconf 89' lang='lat' dir='ltr'><strong>oonsilio,</strong></span> <span class='ocrx_word' id='word_1_269' title='bbox 1086 2955 1156 3000; x_wconf 88' lang='lat' dir='ltr'><strong>cum</strong></span> 
     </span>
     <span class='ocr_line' id='line_1_34' title="bbox 172 3018 1157 3098; baseline 0.005 -21"><span class='ocrx_word' id='word_1_270' title='bbox 172 3018 279 3094; x_wconf 86' lang='lat' dir='ltr'><strong>viginti</strong></span> <span class='ocrx_word' id='word_1_271' title='bbox 299 3020 456 3094; x_wconf 85' lang='lat' dir='ltr'><strong>signorum</strong></span> <span class='ocrx_word' id='word_1_272' title='bbox 477 3020 635 3095; x_wconf 88' lang='lat' dir='ltr'><strong>militibus,</strong></span> <span class='ocrx_word' id='word_1_273' title='bbox 654 3022 760 3083; x_wconf 88' lang='lat' dir='ltr'><strong>relicta</strong></span> <span class='ocrx_word' id='word_1_274' title='bbox 780 3039 818 3084; x_wconf 89' lang='lat' dir='ltr'><strong>ea</strong></span> <span class='ocrx_word' id='word_1_275' title='bbox 832 3030 919 3098; x_wconf 87' lang='lat' dir='ltr'><strong>parte</strong></span> <span class='ocrx_word' id='word_1_276' title='bbox 934 3037 1061 3084; x_wconf 89' lang='lat' dir='ltr'><strong>suorum</strong></span> <span class='ocrx_word' id='word_1_277' title='bbox 1076 3037 1157 3097; x_wconf 91' lang='lat' dir='ltr'><strong>quae</strong></span> 
     </span>
     <span class='ocr_line' id='line_1_35' title="bbox 173 3103 1155 3176; baseline 0.005 -14"><span class='ocrx_word' id='word_1_278' title='bbox 173 3103 256 3164; x_wconf 92' lang='lat' dir='ltr'><strong>haud</strong></span> <span class='ocrx_word' id='word_1_279' title='bbox 268 3103 360 3164; x_wconf 89' lang='lat' dir='ltr'><strong>dubie</strong></span> <span class='ocrx_word' id='word_1_280' title='bbox 370 3103 521 3176; x_wconf 88' lang='lat' dir='ltr'><strong>vincebat,</strong></span> <span class='ocrx_word' id='word_1_281' title='bbox 529 3105 614 3165; x_wconf 88' lang='lat' dir='ltr'><strong>brevi</strong></span> <span class='ocrx_word' id='word_1_282' title='bbox 626 3107 753 3167; x_wconf 88' lang='lat' dir='ltr'><strong>circuitu</strong></span> <span class='ocrx_word' id='word_1_283' title='bbox 760 3107 900 3168; x_wconf 86' lang='lat' dir='ltr'><strong>dextrum</strong></span> <span class='ocrx_word' id='word_1_284' title='bbox 912 3121 1009 3168; x_wconf 91' lang='lat' dir='ltr'><strong>cornu</strong></span> <span class='ocrx_word' id='word_1_285' title='bbox 1019 3105 1155 3167; x_wconf 90' lang='lat' dir='ltr'><strong>hostium</strong></span> 
     </span>
     <span class='ocr_line' id='line_1_36' title="bbox 172 3186 1156 3268; baseline 0.003 -20"><span class='ocrx_word' id='word_1_286' title='bbox 172 3203 315 3248; x_wconf 88' lang='lat' dir='ltr'><strong>aversum</strong></span> <span class='ocrx_word' id='word_1_287' title='bbox 331 3186 456 3248; x_wconf 88' lang='lat' dir='ltr'><strong>invadit</strong></span> <span class='ocrx_word' id='word_1_288' title='bbox 478 3188 591 3268; x_wconf 89' lang='lat' dir='ltr'><strong>nullam</strong></span> <span class='ocrx_word' id='word_1_289' title='bbox 606 3189 703 3250; x_wconf 88' lang='lat' dir='ltr'><strong>aciem</strong></span> <span class='ocrx_word' id='word_1_290' title='bbox 719 3189 758 3250; x_wconf 89' lang='lat' dir='ltr'><strong>ab</strong></span> <span class='ocrx_word' id='word_1_291' title='bbox 772 3196 858 3265; x_wconf 87' lang='lat' dir='ltr'><strong>tergo</strong></span> <span class='ocrx_word' id='word_1_292' title='bbox 874 3191 1000 3250; x_wconf 86' lang='lat' dir='ltr'><strong>adortus</strong></span> <span class='ocrx_word' id='word_1_293' title='bbox 1015 3205 1079 3250; x_wconf 88' lang='lat' dir='ltr'><strong>non</strong></span> <span class='ocrx_word' id='word_1_294' title='bbox 1092 3197 1156 3251; x_wconf 91' lang='lat' dir='ltr'><strong>tur·</strong></span> 
     </span>
     <span class='ocr_line' id='line_1_37' title="bbox 172 3272 1154 3348; baseline 0.001 -18"><span class='ocrx_word' id='word_1_295' title='bbox 172 3272 294 3331; x_wconf 81' lang='lat' dir='ltr'><strong>basset:</strong></span> <span class='ocrx_word' id='word_1_296' title='bbox 316 3278 451 3332; x_wconf 88' lang='lat' dir='ltr'><strong>ceterum</strong></span> <span class='ocrx_word' id='word_1_297' title='bbox 465 3272 505 3331; x_wconf 89' lang='lat' dir='ltr'><strong>ad</strong></span> <span class='ocrx_word' id='word_1_298' title='bbox 520 3287 709 3334; x_wconf 87' lang='lat' dir='ltr'><strong>communem</strong></span> <span class='ocrx_word' id='word_1_299' title='bbox 721 3274 855 3336; x_wconf 87' lang='lat' dir='ltr'><strong>omniurn</strong></span> <span class='ocrx_word' id='word_1_300' title='bbox 868 3275 899 3333; x_wconf 91' lang='lat' dir='ltr'><strong>in</strong></span> <span class='ocrx_word' id='word_1_301' title='bbox 911 3273 1007 3333; x_wconf 89' lang='lat' dir='ltr'><strong>latire</strong></span> <span class='ocrx_word' id='word_1_302' title='bbox 1018 3273 1154 3348; x_wconf 86' lang='lat' dir='ltr'><strong>trepida-</strong></span> 
     </span>
     <span class='ocr_line' id='line_1_38' title="bbox 173 3355 1154 3432; baseline 0.004 -20"><span class='ocrx_word' id='word_1_303' title='bbox 173 3355 284 3414; x_wconf 88' lang='lat' dir='ltr'><strong>tionem</strong></span> <span class='ocrx_word' id='word_1_304' title='bbox 305 3355 439 3415; x_wconf 88' lang='lat' dir='ltr'><strong>aecessit</strong></span> <span class='ocrx_word' id='word_1_305' title='bbox 459 3355 542 3430; x_wconf 94' lang='lat' dir='ltr'><strong>quod</strong></span> <span class='ocrx_word' id='word_1_306' title='bbox 564 3356 698 3431; x_wconf 88' lang='lat' dir='ltr'><strong>phalanx</strong></span> <span class='ocrx_word' id='word_1_307' title='bbox 711 3357 916 3418; x_wconf 87' lang='lat' dir='ltr'><strong>Macedonum</strong></span> <span class='ocrx_word' id='word_1_308' title='bbox 935 3357 1039 3432; x_wconf 85' lang='lat' dir='ltr'><strong>gravis</strong></span> <span class='ocrx_word' id='word_1_309' title='bbox 1062 3365 1154 3432; x_wconf 84' lang='lat' dir='ltr'><strong>atque</strong></span> 
     </span>
     <span class='ocr_line' id='line_1_39' title="bbox 172 3436 1154 3516; baseline 0.006 -22"><span class='ocrx_word' id='word_1_310' title='bbox 172 3436 334 3500; x_wconf 88' lang='lat' dir='ltr'><strong>immobilis</strong></span> <span class='ocrx_word' id='word_1_311' title='bbox 346 3452 403 3498; x_wconf 87' lang='lat' dir='ltr'><strong>nec</strong></span> <span class='ocrx_word' id='word_1_312' title='bbox 415 3436 621 3514; x_wconf 87' lang='lat' dir='ltr'><strong>circumagere</strong></span> <span class='ocrx_word' id='word_1_313' title='bbox 632 3456 667 3500; x_wconf 89' lang='lat' dir='ltr'><strong>se</strong></span> <span class='ocrx_word' id='word_1_314' title='bbox 678 3446 807 3515; x_wconf 88' lang='lat' dir='ltr'><strong>poterat,</strong></span> <span class='ocrx_word' id='word_1_315' title='bbox 819 3455 876 3500; x_wconf 88' lang='lat' dir='ltr'><strong>nec</strong></span> <span class='ocrx_word' id='word_1_316' title='bbox 886 3439 947 3502; x_wconf 91' lang='lat' dir='ltr'><strong>hoc</strong></span> <span class='ocrx_word' id='word_1_317' title='bbox 959 3441 1012 3516; x_wconf 90' lang='lat' dir='ltr'><strong>qui</strong></span> <span class='ocrx_word' id='word_1_318' title='bbox 1023 3457 1042 3500; x_wconf 90' lang='lat' dir='ltr'><strong>a</strong></span> <span class='ocrx_word' id='word_1_319' title='bbox 1055 3441 1154 3501; x_wconf 78' lang='lat' dir='ltr'><strong>tronto</strong></span> 
     </span>
    </p>
   </div>
   <div class='ocr_carea' id='block_1_8' title="bbox 0 0 1246 3902">
    <p class='ocr_par' dir='ltr' id='par_1_8' title="bbox 0 0 1246 3902">
     <span class='ocr_line' id='line_1_40' title="bbox 0 0 1246 3902; baseline 0 2"><span class='ocrx_word' id='word_1_320' title='bbox 0 0 1246 3902; x_wconf 95' lang='lat' dir='ltr'><strong> </strong></span> 
     </span>
    </p>
   </div>
  </div>
 </body>
</html>
