2506 3898
202 159 266 222 sao
345 158 461 221 urana
474 157 636 220 xmumu.
657 157 820 222 canat
843 160 1034 232 unacco]

203 315 359 392 philochla
379 321 637 390 recepta-nam
658 312 757 371 luerat
779 309 935 385 quondam
952 310 1157 375 Aetolorum—

201 399 312 462 eadem
337 414 394 474 spe
420 396 451 458 in
471 395 669 472 Aperantiam
693 393 962 456 transcenderunt:
994 408 1030 454 ea
1054 413 1158 472 quoque

203 497 315 559 magna
335 499 373 543 ex
395 487 483 558 parte
497 481 564 540 sine
579 478 742 540 certamine
756 479 786 537 in
802 477 988 539 deditionem
1002 480 1087 540 venit
1110 480 1158 541 llo-

201 570 291 644 lopes
306 581 472 642 numquam
481 565 661 626 Aetolorum
675 564 802 633 luerent,
819 559 950 638 Philippi
960 570 1053 624 erant.
1074 563 1101 622 hi
1112 563 1158 638 pri·

200 668 251 713 mo
273 650 314 712 ad
331 665 415 710 arma
431 654 667 709 concurrerunt:
696 652 830 708 ceterum
845 655 1012 722 postquam
1025 647 1158 722 Amphilo

202 735 279 798 choo
301 751 371 795 cum
384 732 503 794 ,Aetolis
525 747 597 791 esse
616 732 782 806 fugamque
803 747 842 790 ex
856 731 1038 792 Athamania
1049 729 1160 807 Philippi

202 827 234 880 et
247 818 375 879 caedem
396 815 543 892 praesidii
564 815 632 876 eius
646 829 812 889 accepere,
835 822 866 874 et
879 813 940 889 ipsi
954 829 974 874 a
987 813 1117 890 Philippo
1130 817 1161 876 ad

199 901 329 964 Aetolos
344 901 498 962 deliciunt.
523 899 634 975 quibus
650 898 852 959 circumflectis
867 897 1011 972 gentibus
1025 898 1082 959 iam
1089 899 1158 959 undl

199 1001 260 1062 que
274 1001 310 1046 se
324 985 576 1046 allacedonibus
587 989 670 1044 tutos
682 981 877 1044 credentibus
888 997 961 1042 esse
971 981 1086 1044 Aetolis
1097 985 1161 1043 lama

199 1069 337 1132 adfertur
350 1068 536 1130 Antiochum
556 1069 587 1128 in
601 1068 678 1129 Asia
696 1065 811 1128 victum
826 1067 865 1127 ab
878 1066 1036 1128 Romanis.
1067 1082 1119 1127 nec
1130 1067 1161 1126 ih

199 1155 294 1216 multo
318 1162 392 1230 post
411 1153 502 1228 legati
523 1153 561 1212 ab
575 1154 673 1214 Roma
693 1149 814 1211 rediere
833 1151 901 1212 sine
922 1166 982 1225 spe
995 1151 1094 1226 pacis,
1107 1151 1160 1210 Eul-

199 1239 346 1314 viumque
357 1241 517 1300 consulem
528 1237 702 1298 nuntiantes
713 1251 783 1296 oum
796 1233 933 1296 exercitu
943 1235 1004 1294 iam
1013 1235 1160 1296 traiecisse.

199 1321 249 1382 his
263 1322 367 1396 territi,
382 1320 469 1397 prius
485 1322 523 1382 ab
538 1321 649 1382 Rhodo
664 1327 695 1380 et
707 1319 836 1380 Athenis
847 1319 1052 1394 legationibus
1064 1319 1160 1391 excitis,

199 1413 232 1466 ut
251 1423 308 1482 per
328 1405 539 1466 auctoritatem
560 1403 665 1466 eanun
685 1402 849 1464 eivitatium
864 1414 940 1464 suae
957 1419 1068 1479 preces
1081 1417 1162 1478 nuper

198 1489 378 1565 repudiatae
393 1489 560 1550 faciliorem
575 1489 690 1550 aditum
704 1487 744 1547 ad
760 1495 899 1548 senatum
913 1486 1077 1562 haberent,
1097 1485 1160 1564 prin·

196 1573 283 1648 cipes
302 1573 401 1647 gentis
417 1573 458 1633 ad
472 1573 679 1648 temptandam
694 1588 783 1648 spern
796 1571 931 1634 rdhmam
944 1572 1074 1634 Romam
1086 1571 1160 1632 mise·

195 1665 276 1730 runt,
290 1656 379 1730 nihil,
395 1673 434 1717 ue
448 1657 560 1718 bellum
574 1655 737 1729 haberent,
752 1657 934 1732 priusquam
947 1672 1049 1732 paene
1061 1657 1089 1717 in
1103 1671 1160 1716 con·

196 1749 307 1816 spectu
321 1740 420 1802 hostis
436 1749 515 1814 erat,
537 1741 757 1816 praemeditati.
783 1741 843 1800 iam
855 1740 896 1800 Μ.
911 1739 1040 1802 Fulvius
1053 1741 1160 1816 Apulo·

197 1825 277 1884 niam
299 1825 437 1886 exercitu
456 1827 582 1887 traiecto
603 1841 672 1886 crum
685 1824 880 1900 Epirotarum
901 1823 1090 1901 principibus
1103 1839 1160 1884 con·

197 1910 342 1982 saltabat,
371 1911 454 1971 unde
481 1911 595 1972 bellum
622 1909 780 1984 inciperet.
821 1907 955 1984 Epirotis
984 1907 1160 1970 Ambraciam

198 1992 338 2068 placebat
352 1994 489 2070 adgredi,
509 2011 588 2068 quae
603 2002 666 2054 tum
682 1991 888 2054 contribuerat
901 2009 936 2052 se
950 1993 1079 2055 Aetolis.
1110 1992 1160 2052 sive

197 2077 236 2136 ud
258 2077 403 2138 tuendam
424 2093 492 2138 eam
514 2078 651 2138 venirent
664 2077 781 2151 Aetoli,
802 2084 928 2152 apertos
950 2077 1034 2138 eirca
1051 2091 1160 2152 campos

195 2160 237 2218 ad
251 2160 456 2220 dimicandum
477 2175 565 2230 esse;
587 2161 654 2221 sive
669 2160 873 2223 detractarent
887 2168 1058 2239 certarnen,
1079 2177 1160 2236 oppu-

195 2243 371 2316 gnationem
392 2243 458 2304 lore
478 2244 562 2304 haud
582 2243 752 2306 difficilem:
775 2261 846 2306 nam
867 2251 898 2306 et
919 2247 1043 2320 copiam
1062 2246 1090 2304 in
1104 2260 1160 2320 pro·

194 2325 311 2402 pinquo
326 2328 476 2390 *materiae
497 2329 537 2388 ad
557 2345 686 2404 aggeres
707 2327 889 2391 excitandos
910 2339 941 2392 et
960 2339 1063 2392 cetera
1082 2343 1161 2404 opera

193 2425 281 2483 esse;
315 2418 346 2474 et
364 2412 565 2488 Arachthum,
586 2412 791 2488 navigabilem
811 2429 945 2489 amnem,
968 2419 1160 2490 opportunum

194 2494 235 2556 ad
260 2497 482 2572 comportanda
507 2513 587 2574 quae
612 2498 682 2560 usui
708 2500 783 2572 sint,
813 2505 937 2574 praeter
961 2498 1033 2576 ipsa
1057 2493 1161 2558 moenia

194 2578 307 2652 fluere;
329 2590 360 2642 et
380 2589 527 2642 aestatem
546 2593 648 2658 aptam
661 2583 706 2642 rei
721 2583 876 2658 gerendae
891 2584 1013 2645 adesse.
1045 2583 1090 2642 his
1105 2595 1160 2656 per·

192 2673 366 2738 suaserunt,
381 2673 414 2727 ut
426 2681 484 2741 per
492 2666 618 2742 Epirum
633 2667 768 2728 duceret.
789 2667 843 2727 IV.
864 2669 983 2728 consuli
997 2667 1038 2728 ad
1049 2665 1160 2726 Ambra·

194 2745 273 2806 ciam
295 2748 470 2810 advenienti
490 2751 591 2824 magni
607 2753 712 2825 operis
728 2749 918 2828 oppugnatio
933 2751 1002 2811 visa
1016 2758 1073 2814 est
1099 2751 1159 2809 Am·

192 2829 297 2890 bracia
317 2833 433 2892 tumulo
455 2849 568 2907 aspero
590 2833 729 2894 subiecta
748 2843 810 2896 est:
840 2835 1039 2896 Perranthem
1056 2833 1160 2894 incolae

191 2920 312 2974 vocant.
341 2914 430 2986 urbs,
447 2932 510 2992 qua
522 2933 627 2978 murus
643 2919 739 2994 vergit
752 2919 784 2978 in
801 2936 927 2995 campos
942 2925 972 2980 et
985 2917 1105 2992 flumen,
1118 2929 1158 2976 oe·

191 2996 357 3074 uidentem,
380 3015 449 3075 arx,
470 3016 550 3075 quae
570 3001 715 3077 imposita
729 3011 776 3065 est
789 3005 918 3078 tumulo,
941 3003 1087 3064 orientem
1100 3015 1158 3074 spe-

192 3089 261 3143 ctat.
285 3084 383 3146 amnis
394 3083 568 3147 Arachtbus
580 3101 620 3146 ex
630 3085 812 3148 Athamania
826 3086 926 3149 fluens
938 3086 1021 3148 cadit
1029 3088 1060 3146 in
1071 3085 1157 3146 sinum

191 3166 285 3230 maris
306 3169 345 3230 ab
366 3169 489 3231 nomine
508 3171 703 3246 propinquae
722 3171 807 3234 urbis
821 3171 1017 3232 Ambracium
1035 3167 1157 3246 appella·

191 3257 264 3312 tum.
297 3262 512 3330 praeterquam
534 3256 620 3330 quod
642 3255 713 3316 hinc
733 3256 832 3316 amnis
852 3257 949 3316 munit
967 3255 1037 3316 hinc
1053 3245 1156 3319 tumuli

191 3347 279 3397 muro
295 3353 421 3414 quoque
435 3339 523 3400 firmo
538 3345 647 3414 saepta
661 3348 735 3415 erat,
751 3347 875 3416 patente
888 3341 919 3400 in
935 3339 1060 3401 circuitu
1072 3332 1155 3413 paulo

190 3417 321 3488 amplius
335 3421 393 3492 tria
407 3421 488 3482 milia
501 3437 660 3496 passuum.
679 3421 806 3486 Fulvius
820 3425 893 3485 bina
907 3437 1044 3500 acampo
1055 3425 1153 3484 casua
