<?xml version="1.0" encoding="UTF-8"?>
<!DOCTYPE html PUBLIC "-//W3C//DTD XHTML 1.0 Transitional//EN"
    "http://www.w3.org/TR/xhtml1/DTD/xhtml1-transitional.dtd">
<html xmlns="http://www.w3.org/1999/xhtml" xml:lang="en" lang="en">
 <head>
  <title>
</title>
<meta http-equiv="Content-Type" content="text/html;charset=utf-8" />
  <meta name='ocr-system' content='tesseract 3.04.00' />
  <meta name='ocr-capabilities' content='ocr_page ocr_carea ocr_par ocr_line ocrx_word'/>
</head>
<body>
  <div class='ocr_page' id='page_1' title='image "./titiliviaburbec08livygoog_0120.png"; bbox 0 0 2482 3902; ppageno 0'>
   <div class='ocr_carea' id='block_1_1' title="bbox 216 175 1052 285">
    <p class='ocr_par' dir='ltr' id='par_1_1' title="bbox 216 175 1052 285">
     <span class='ocr_line' id='line_1_1' title="bbox 216 175 1052 285; baseline 0.012 -19"><span class='ocrx_word' id='word_1_1' title='bbox 216 205 329 268; x_wconf 74' lang='lat' dir='ltr'><strong>LIBER</strong></span> <span class='ocrx_word' id='word_1_2' title='bbox 342 206 474 270; x_wconf 72' lang='lat' dir='ltr'><strong>lctxltl.</strong></span> <span class='ocrx_word' id='word_1_3' title='bbox 498 205 580 268; x_wconf 75' lang='lat' dir='ltr'><strong>chr.</strong></span> <span class='ocrx_word' id='word_1_4' title='bbox 593 215 619 270; x_wconf 85' lang='lat' dir='ltr'><strong>o.</strong></span> <span class='ocrx_word' id='word_1_5' title='bbox 633 219 675 271; x_wconf 89' lang='lat' dir='ltr'><strong>lo.</strong></span> <span class='ocrx_word' id='word_1_6' title='bbox 689 175 731 273; x_wconf 81' lang='lat' dir='ltr'><strong>u.</strong></span> <span class='ocrx_word' id='word_1_7' title='bbox 754 214 836 285; x_wconf 68' lang='lat' dir='ltr'><strong>[ac.</strong></span> <span class='ocrx_word' id='word_1_8' title='bbox 849 217 910 284; x_wconf 79' lang='lat' dir='ltr'><strong>rar]</strong></span> <span class='ocrx_word' id='word_1_9' title='bbox 1011 210 1052 278; x_wconf 82' lang='lat'><strong>91</strong></span> 
     </span>
    </p>
   </div>
   <div class='ocr_carea' id='block_1_2' title="bbox 85 357 1055 1691">
    <p class='ocr_par' dir='ltr' id='par_1_2' title="bbox 85 357 1055 1691">
     <span class='ocr_line' id='line_1_2' title="bbox 90 357 1055 435; baseline 0.007 -18"><span class='ocrx_word' id='word_1_10' title='bbox 90 359 172 434; x_wconf 87' lang='lat' dir='ltr'><strong>paulo</strong></span> <span class='ocrx_word' id='word_1_11' title='bbox 193 365 260 419; x_wconf 88' lang='lat' dir='ltr'><strong>anta</strong></span> <span class='ocrx_word' id='word_1_12' title='bbox 278 357 389 435; x_wconf 84' lang='lat' dir='ltr'><strong>pedem</strong></span> <span class='ocrx_word' id='word_1_13' title='bbox 410 360 579 420; x_wconf 87' lang='lat' dir='ltr'><strong>relerentes</strong></span> <span class='ocrx_word' id='word_1_14' title='bbox 593 365 666 420; x_wconf 92' lang='lat' dir='ltr'><strong>tunc</strong></span> <span class='ocrx_word' id='word_1_15' title='bbox 680 362 759 420; x_wconf 87' lang='lat' dir='ltr'><strong>ultm</strong></span> <span class='ocrx_word' id='word_1_16' title='bbox 773 361 886 422; x_wconf 85' lang='lat' dir='ltr'><strong>territis</strong></span> <span class='ocrx_word' id='word_1_17' title='bbox 900 359 1055 424; x_wconf 88' lang='lat' dir='ltr'><strong>instabant</strong></span> 
     </span>
     <span class='ocr_line' id='line_1_3' title="bbox 90 441 1055 521; baseline 0.007 -21"><span class='ocrx_word' id='word_1_18' title='bbox 90 441 275 516; x_wconf 87' lang='lat' dir='ltr'><strong>patiebantur.</strong></span> <span class='ocrx_word' id='word_1_19' title='bbox 303 443 344 502; x_wconf 90' lang='lat' dir='ltr'><strong>ad</strong></span> <span class='ocrx_word' id='word_1_20' title='bbox 357 442 417 504; x_wconf 89' lang='lat' dir='ltr'><strong>hcc</strong></span> <span class='ocrx_word' id='word_1_21' title='bbox 433 444 502 504; x_wconf 92' lang='lat' dir='ltr'><strong>looo</strong></span> <span class='ocrx_word' id='word_1_22' title='bbox 517 443 607 503; x_wconf 90' lang='lat' dir='ltr'><strong>etiam</strong></span> <span class='ocrx_word' id='word_1_23' title='bbox 622 444 846 519; x_wconf 91' lang='lat' dir='ltr'><strong>premebantur,</strong></span> <span class='ocrx_word' id='word_1_24' title='bbox 863 445 936 520; x_wconf 89' lang='lat' dir='ltr'><strong>quia</strong></span> <span class='ocrx_word' id='word_1_25' title='bbox 949 446 1055 521; x_wconf 90' lang='lat' dir='ltr'><strong>iugum</strong></span> 
     </span>
     <span class='ocr_line' id='line_1_4' title="bbox 89 527 1054 604; baseline 0.005 -20"><span class='ocrx_word' id='word_1_26' title='bbox 89 540 123 584; x_wconf 88' lang='lat' dir='ltr'><strong>ex</strong></span> <span class='ocrx_word' id='word_1_27' title='bbox 136 540 192 600; x_wconf 93' lang='lat' dir='ltr'><strong>quo</strong></span> <span class='ocrx_word' id='word_1_28' title='bbox 205 531 431 600; x_wconf 87' lang='lat' dir='ltr'><strong>pugnaverant,</strong></span> <span class='ocrx_word' id='word_1_29' title='bbox 453 527 525 586; x_wconf 92' lang='lat' dir='ltr'><strong>dum</strong></span> <span class='ocrx_word' id='word_1_30' title='bbox 539 541 595 602; x_wconf 90' lang='lat' dir='ltr'><strong>per</strong></span> <span class='ocrx_word' id='word_1_31' title='bbox 609 527 746 603; x_wconf 85' lang='lat' dir='ltr'><strong>proclive</strong></span> <span class='ocrx_word' id='word_1_32' title='bbox 760 531 869 603; x_wconf 88' lang='lat' dir='ltr'><strong>pulsos</strong></span> <span class='ocrx_word' id='word_1_33' title='bbox 884 529 1054 604; x_wconf 89' lang='lat' dir='ltr'><strong>insequun-</strong></span> 
     </span>
     <span class='ocr_line' id='line_1_5' title="bbox 88 609 1055 689; baseline 0.006 -22"><span class='ocrx_word' id='word_1_34' title='bbox 88 615 137 682; x_wconf 85' lang='lat' dir='ltr'><strong>tur,</strong></span> <span class='ocrx_word' id='word_1_35' title='bbox 150 609 333 670; x_wconf 79' lang='lat' dir='ltr'>tradiderant</span> <span class='ocrx_word' id='word_1_36' title='bbox 345 609 427 671; x_wconf 91' lang='lat' dir='ltr'><strong>hosti</strong></span> <span class='ocrx_word' id='word_1_37' title='bbox 440 610 479 670; x_wconf 87' lang='lat' dir='ltr'><strong>ad</strong></span> <span class='ocrx_word' id='word_1_38' title='bbox 491 619 577 685; x_wconf 89' lang='lat' dir='ltr'><strong>terga</strong></span> <span class='ocrx_word' id='word_1_39' title='bbox 588 627 646 672; x_wconf 92' lang='lat' dir='ltr'><strong>sua</strong></span> <span class='ocrx_word' id='word_1_40' title='bbox 657 610 874 673; x_wconf 89' lang='lat' dir='ltr'><strong>circumducto.</strong></span> <span class='ocrx_word' id='word_1_41' title='bbox 896 613 1055 689; x_wconf 81' lang='lat' dir='ltr'><strong>paulisper</strong></span> 
     </span>
     <span class='ocr_line' id='line_1_6' title="bbox 89 691 1055 771; baseline 0.01 -23"><span class='ocrx_word' id='word_1_42' title='bbox 89 691 113 749; x_wconf 91' lang='lat' dir='ltr'><strong>in</strong></span> <span class='ocrx_word' id='word_1_43' title='bbox 126 691 219 752; x_wconf 88' lang='lat' dir='ltr'><strong>medio</strong></span> <span class='ocrx_word' id='word_1_44' title='bbox 238 694 336 767; x_wconf 91' lang='lat' dir='ltr'><strong>caesi,</strong></span> <span class='ocrx_word' id='word_1_45' title='bbox 358 694 470 754; x_wconf 89' lang='lat' dir='ltr'><strong>deinde</strong></span> <span class='ocrx_word' id='word_1_46' title='bbox 486 692 611 756; x_wconf 86' lang='lat' dir='ltr'><strong>ourissis</strong></span> <span class='ocrx_word' id='word_1_47' title='bbox 625 695 765 770; x_wconf 82' lang='lat' dir='ltr'><strong>plerique</strong></span> <span class='ocrx_word' id='word_1_48' title='bbox 778 697 870 756; x_wconf 87' lang='lat' dir='ltr'><strong>armis</strong></span> <span class='ocrx_word' id='word_1_49' title='bbox 887 706 1055 771; x_wconf 88' lang='lat' dir='ltr'><strong>capessunt</strong></span> 
     </span>
     <span class='ocr_line' id='line_1_7' title="bbox 88 775 1054 856; baseline 0.009 -22"><span class='ocrx_word' id='word_1_50' title='bbox 88 776 188 849; x_wconf 82' lang='lat' dir='ltr'><strong>lugam.</strong></span> <span class='ocrx_word' id='word_1_51' title='bbox 218 776 254 836; x_wconf 86' lang='lat' dir='ltr'><strong>X.</strong></span> <span class='ocrx_word' id='word_1_52' title='bbox 283 775 442 854; x_wconf 84' lang='lat' dir='ltr'><strong>Philippus</strong></span> <span class='ocrx_word' id='word_1_53' title='bbox 469 793 538 840; x_wconf 89' lang='lat' dir='ltr'><strong>oum</strong></span> <span class='ocrx_word' id='word_1_54' title='bbox 562 781 672 854; x_wconf 86' lang='lat' dir='ltr'><strong>paucis</strong></span> <span class='ocrx_word' id='word_1_55' title='bbox 698 779 833 854; x_wconf 88' lang='lat' dir='ltr'><strong>peditum</strong></span> <span class='ocrx_word' id='word_1_56' title='bbox 855 780 1054 856; x_wconf 86' lang='lat' dir='ltr'><strong>equitumque</strong></span> 
     </span>
     <span class='ocr_line' id='line_1_8' title="bbox 88 859 1055 940; baseline 0.008 -24"><span class='ocrx_word' id='word_1_57' title='bbox 88 859 172 932; x_wconf 88' lang='lat' dir='ltr'><strong>primo</strong></span> <span class='ocrx_word' id='word_1_58' title='bbox 192 861 339 922; x_wconf 91' lang='lat' dir='ltr'><strong>tumulum</strong></span> <span class='ocrx_word' id='word_1_59' title='bbox 359 863 497 923; x_wconf 87' lang='lat' dir='ltr'><strong>altiorem</strong></span> <span class='ocrx_word' id='word_1_60' title='bbox 518 862 597 923; x_wconf 90' lang='lat' dir='ltr'><strong>inter</strong></span> <span class='ocrx_word' id='word_1_61' title='bbox 611 869 732 923; x_wconf 89' lang='lat' dir='ltr'><strong>ceteros</strong></span> <span class='ocrx_word' id='word_1_62' title='bbox 746 863 842 938; x_wconf 86' lang='lat' dir='ltr'><strong>cepit,</strong></span> <span class='ocrx_word' id='word_1_63' title='bbox 864 871 898 924; x_wconf 93' lang='lat' dir='ltr'><strong>ut</strong></span> <span class='ocrx_word' id='word_1_64' title='bbox 912 865 1055 940; x_wconf 86' lang='lat' dir='ltr'><strong>specula·</strong></span> 
     </span>
     <span class='ocr_line' id='line_1_9' title="bbox 87 944 1054 1022; baseline 0.008 -22"><span class='ocrx_word' id='word_1_65' title='bbox 87 949 171 1016; x_wconf 86' lang='lat' dir='ltr'><strong>relm,</strong></span> <span class='ocrx_word' id='word_1_66' title='bbox 192 959 271 1019; x_wconf 89' lang='lat' dir='ltr'><strong>quae</strong></span> <span class='ocrx_word' id='word_1_67' title='bbox 290 944 320 1004; x_wconf 92' lang='lat' dir='ltr'><strong>in</strong></span> <span class='ocrx_word' id='word_1_68' title='bbox 342 946 431 1006; x_wconf 88' lang='lat' dir='ltr'><strong>laeva</strong></span> <span class='ocrx_word' id='word_1_69' title='bbox 445 953 532 1022; x_wconf 89' lang='lat' dir='ltr'><strong>parte</strong></span> <span class='ocrx_word' id='word_1_70' title='bbox 545 961 671 1008; x_wconf 89' lang='lat' dir='ltr'><strong>suorum</strong></span> <span class='ocrx_word' id='word_1_71' title='bbox 687 947 807 1007; x_wconf 80' lang='lat' dir='ltr'><strong>fortuna</strong></span> <span class='ocrx_word' id='word_1_72' title='bbox 821 955 921 1018; x_wconf 87' lang='lat' dir='ltr'><strong>esset;</strong></span> <span class='ocrx_word' id='word_1_73' title='bbox 942 947 1054 1008; x_wconf 84' lang='lat' dir='ltr'><strong>deinde</strong></span> 
     </span>
     <span class='ocr_line' id='line_1_10' title="bbox 89 1029 1054 1105; baseline 0.006 -20"><span class='ocrx_word' id='word_1_74' title='bbox 89 1033 235 1102; x_wconf 89' lang='lat' dir='ltr'><strong>postquam</strong></span> <span class='ocrx_word' id='word_1_75' title='bbox 250 1029 353 1103; x_wconf 88' lang='lat' dir='ltr'><strong>lugam</strong></span> <span class='ocrx_word' id='word_1_76' title='bbox 369 1029 499 1092; x_wconf 79' lang='lat' dir='ltr'><strong>effusam</strong></span> <span class='ocrx_word' id='word_1_77' title='bbox 513 1031 724 1091; x_wconf 90' lang='lat' dir='ltr'><strong>animadvertit</strong></span> <span class='ocrx_word' id='word_1_78' title='bbox 734 1037 765 1090; x_wconf 92' lang='lat' dir='ltr'><strong>et</strong></span> <span class='ocrx_word' id='word_1_79' title='bbox 777 1031 880 1091; x_wconf 89' lang='lat' dir='ltr'><strong>omnia</strong></span> <span class='ocrx_word' id='word_1_80' title='bbox 891 1033 972 1091; x_wconf 89' lang='lat' dir='ltr'><strong>circa</strong></span> <span class='ocrx_word' id='word_1_81' title='bbox 982 1032 1054 1105; x_wconf 91' lang='lat' dir='ltr'><strong>iuga</strong></span> 
     </span>
     <span class='ocr_line' id='line_1_11' title="bbox 88 1107 1053 1189; baseline 0.006 -21"><span class='ocrx_word' id='word_1_82' title='bbox 88 1107 170 1184; x_wconf 92' lang='lat' dir='ltr'><strong>signis</strong></span> <span class='ocrx_word' id='word_1_83' title='bbox 194 1119 286 1188; x_wconf 87' lang='lat' dir='ltr'><strong>atque</strong></span> <span class='ocrx_word' id='word_1_84' title='bbox 311 1111 404 1174; x_wconf 90' lang='lat' dir='ltr'><strong>armis</strong></span> <span class='ocrx_word' id='word_1_85' title='bbox 430 1114 561 1189; x_wconf 82' lang='lat' dir='ltr'><strong>lugere,</strong></span> <span class='ocrx_word' id='word_1_86' title='bbox 587 1122 651 1174; x_wconf 89' lang='lat' dir='ltr'><strong>tum</strong></span> <span class='ocrx_word' id='word_1_87' title='bbox 675 1113 795 1188; x_wconf 90' lang='lat' dir='ltr'><strong>etipse</strong></span> <span class='ocrx_word' id='word_1_88' title='bbox 819 1113 886 1174; x_wconf 88' lang='lat' dir='ltr'><strong>acie</strong></span> <span class='ocrx_word' id='word_1_89' title='bbox 909 1114 1053 1174; x_wconf 84' lang='lat' dir='ltr'><strong>excessit</strong></span> 
     </span>
     <span class='ocr_line' id='line_1_12' title="bbox 88 1191 1051 1272; baseline 0.005 -20"><span class='ocrx_word' id='word_1_90' title='bbox 88 1191 227 1266; x_wconf 78' lang='lat' dir='ltr'><strong>Quinctius</strong></span> <span class='ocrx_word' id='word_1_91' title='bbox 253 1211 325 1256; x_wconf 91' lang='lat' dir='ltr'><strong>curu</strong></span> <span class='ocrx_word' id='word_1_92' title='bbox 345 1197 507 1259; x_wconf 89' lang='lat' dir='ltr'><strong>institisset</strong></span> <span class='ocrx_word' id='word_1_93' title='bbox 528 1196 725 1268; x_wconf 77' lang='lat' dir='ltr'><strong>cedentibus,</strong></span> <span class='ocrx_word' id='word_1_94' title='bbox 751 1204 879 1270; x_wconf 87' lang='lat' dir='ltr'><strong>repente</strong></span> <span class='ocrx_word' id='word_1_95' title='bbox 900 1197 973 1272; x_wconf 88' lang='lat' dir='ltr'><strong>quia</strong></span> <span class='ocrx_word' id='word_1_96' title='bbox 995 1198 1051 1257; x_wconf 91' lang='lat' dir='ltr'><strong>eri·</strong></span> 
     </span>
     <span class='ocr_line' id='line_1_13' title="bbox 87 1278 1055 1356; baseline 0.005 -21"><span class='ocrx_word' id='word_1_97' title='bbox 87 1284 179 1349; x_wconf 86' lang='lat' dir='ltr'><strong>gentes</strong></span> <span class='ocrx_word' id='word_1_98' title='bbox 193 1278 299 1340; x_wconf 87' lang='lat' dir='ltr'><strong>hastas</strong></span> <span class='ocrx_word' id='word_1_99' title='bbox 313 1279 503 1342; x_wconf 88' lang='lat' dir='ltr'><strong>Macedonas</strong></span> <span class='ocrx_word' id='word_1_100' title='bbox 519 1287 733 1356; x_wconf 82' lang='lat' dir='ltr'><strong>conspexerat,</strong></span> <span class='ocrx_word' id='word_1_101' title='bbox 750 1279 896 1355; x_wconf 83' lang='lat' dir='ltr'><strong>quidnam</strong></span> <span class='ocrx_word' id='word_1_102' title='bbox 911 1288 1055 1354; x_wconf 88' lang='lat' dir='ltr'><strong>pararent</strong></span> 
     </span>
     <span class='ocr_line' id='line_1_14' title="bbox 86 1360 1053 1440; baseline 0.005 -23"><span class='ocrx_word' id='word_1_103' title='bbox 86 1360 217 1437; x_wconf 87' lang='lat' dir='ltr'><strong>incertus,</strong></span> <span class='ocrx_word' id='word_1_104' title='bbox 239 1365 401 1440; x_wconf 79' lang='lat' dir='ltr'><strong>paulisper</strong></span> <span class='ocrx_word' id='word_1_105' title='bbox 419 1365 554 1426; x_wconf 87' lang='lat' dir='ltr'><strong>novitate</strong></span> <span class='ocrx_word' id='word_1_106' title='bbox 574 1363 620 1424; x_wconf 90' lang='lat' dir='ltr'><strong>rei</strong></span> <span class='ocrx_word' id='word_1_107' title='bbox 640 1363 797 1424; x_wconf 88' lang='lat' dir='ltr'><strong>constituit</strong></span> <span class='ocrx_word' id='word_1_108' title='bbox 816 1363 921 1438; x_wconf 87' lang='lat' dir='ltr'><strong>signa;</strong></span> <span class='ocrx_word' id='word_1_109' title='bbox 942 1361 1053 1424; x_wconf 89' lang='lat' dir='ltr'><strong>deinde</strong></span> 
     </span>
     <span class='ocr_line' id='line_1_15' title="bbox 86 1444 1051 1521; baseline 0.006 -20"><span class='ocrx_word' id='word_1_110' title='bbox 86 1451 114 1502; x_wconf 88' lang='lat' dir='ltr'><strong>ut</strong></span> <span class='ocrx_word' id='word_1_111' title='bbox 126 1444 236 1521; x_wconf 88' lang='lat' dir='ltr'><strong>accepit</strong></span> <span class='ocrx_word' id='word_1_112' title='bbox 250 1447 334 1507; x_wconf 89' lang='lat' dir='ltr'><strong>hune</strong></span> <span class='ocrx_word' id='word_1_113' title='bbox 348 1463 464 1509; x_wconf 91' lang='lat' dir='ltr'><strong>morem</strong></span> <span class='ocrx_word' id='word_1_114' title='bbox 479 1463 550 1508; x_wconf 88' lang='lat' dir='ltr'><strong>esse</strong></span> <span class='ocrx_word' id='word_1_115' title='bbox 560 1447 765 1509; x_wconf 84' lang='lat' dir='ltr'><strong>Macedonum</strong></span> <span class='ocrx_word' id='word_1_116' title='bbox 774 1445 956 1507; x_wconf 88' lang='lat' dir='ltr'><strong>tradentium</strong></span> <span class='ocrx_word' id='word_1_117' title='bbox 970 1461 1051 1517; x_wconf 90' lang='lat' dir='ltr'><strong>sese,</strong></span> 
     </span>
     <span class='ocr_line' id='line_1_16' title="bbox 86 1527 1053 1605; baseline 0.006 -21"><span class='ocrx_word' id='word_1_118' title='bbox 86 1541 198 1600; x_wconf 87' lang='lat' dir='ltr'><strong>parcere</strong></span> <span class='ocrx_word' id='word_1_119' title='bbox 213 1529 304 1592; x_wconf 89' lang='lat' dir='ltr'><strong>vietis</strong></span> <span class='ocrx_word' id='word_1_120' title='bbox 319 1529 350 1590; x_wconf 90' lang='lat' dir='ltr'><strong>in</strong></span> <span class='ocrx_word' id='word_1_121' title='bbox 365 1533 498 1593; x_wconf 89' lang='lat' dir='ltr'><strong>animum</strong></span> <span class='ocrx_word' id='word_1_122' title='bbox 512 1531 653 1592; x_wconf 85' lang='lat' dir='ltr'><strong>habebat.</strong></span> <span class='ocrx_word' id='word_1_123' title='bbox 676 1539 810 1592; x_wconf 87' lang='lat' dir='ltr'><strong>ceterum</strong></span> <span class='ocrx_word' id='word_1_124' title='bbox 820 1531 859 1590; x_wconf 90' lang='lat' dir='ltr'><strong>ab</strong></span> <span class='ocrx_word' id='word_1_125' title='bbox 871 1530 987 1605; x_wconf 91' lang='lat' dir='ltr'><strong>ignaris</strong></span> <span class='ocrx_word' id='word_1_126' title='bbox 997 1527 1053 1590; x_wconf 89' lang='lat' dir='ltr'><strong>mi-</strong></span> 
     </span>
     <span class='ocr_line' id='line_1_17' title="bbox 85 1608 1053 1691; baseline 0.007 -24"><span class='ocrx_word' id='word_1_127' title='bbox 85 1608 172 1672; x_wconf 89' lang='lat' dir='ltr'><strong>litibus</strong></span> <span class='ocrx_word' id='word_1_128' title='bbox 184 1615 331 1675; x_wconf 88' lang='lat' dir='ltr'><strong>cmissam</strong></span> <span class='ocrx_word' id='word_1_129' title='bbox 341 1614 380 1675; x_wconf 91' lang='lat' dir='ltr'><strong>ab</strong></span> <span class='ocrx_word' id='word_1_130' title='bbox 391 1615 480 1678; x_wconf 88' lang='lat' dir='ltr'><strong>hoste</strong></span> <span class='ocrx_word' id='word_1_131' title='bbox 492 1631 634 1691; x_wconf 85' lang='lat' dir='ltr'><strong>pugnarn,</strong></span> <span class='ocrx_word' id='word_1_132' title='bbox 650 1623 681 1676; x_wconf 89' lang='lat' dir='ltr'><strong>et</strong></span> <span class='ocrx_word' id='word_1_133' title='bbox 692 1615 765 1690; x_wconf 89' lang='lat' dir='ltr'><strong>quid</strong></span> <span class='ocrx_word' id='word_1_134' title='bbox 777 1616 943 1690; x_wconf 90' lang='lat' dir='ltr'><strong>imperator</strong></span> <span class='ocrx_word' id='word_1_135' title='bbox 953 1615 1053 1685; x_wconf 88' lang='lat' dir='ltr'><strong>vellet,</strong></span> 
     </span>
    </p>
   </div>
   <div class='ocr_carea' id='block_1_3' title="bbox 85 1690 1175 1775">
    <p class='ocr_par' dir='ltr' id='par_1_3' title="bbox 85 1690 1175 1775">
     <span class='ocr_line' id='line_1_18' title="bbox 85 1690 1175 1775; baseline 0.008 -25"><span class='ocrx_word' id='word_1_136' title='bbox 85 1690 199 1768; x_wconf 88' lang='lat' dir='ltr'><strong>impetus</strong></span> <span class='ocrx_word' id='word_1_137' title='bbox 213 1697 242 1757; x_wconf 91' lang='lat' dir='ltr'><strong>in</strong></span> <span class='ocrx_word' id='word_1_138' title='bbox 261 1713 318 1760; x_wconf 89' lang='lat' dir='ltr'><strong>eos</strong></span> <span class='ocrx_word' id='word_1_139' title='bbox 333 1705 382 1760; x_wconf 89' lang='lat' dir='ltr'><strong>est</strong></span> <span class='ocrx_word' id='word_1_140' title='bbox 395 1700 503 1774; x_wconf 88' lang='lat' dir='ltr'><strong>lactus,</strong></span> <span class='ocrx_word' id='word_1_141' title='bbox 519 1706 549 1759; x_wconf 87' lang='lat' dir='ltr'><strong>et</strong></span> <span class='ocrx_word' id='word_1_142' title='bbox 563 1700 668 1775; x_wconf 90' lang='lat' dir='ltr'><strong>primis</strong></span> <span class='ocrx_word' id='word_1_143' title='bbox 684 1699 784 1760; x_wconf 86' lang='lat' dir='ltr'><strong>caesis</strong></span> <span class='ocrx_word' id='word_1_144' title='bbox 800 1699 893 1758; x_wconf 87' lang='lat' dir='ltr'><strong>ceteri</strong></span> <span class='ocrx_word' id='word_1_145' title='bbox 908 1697 939 1758; x_wconf 91' lang='lat' dir='ltr'><strong>in</strong></span> <span class='ocrx_word' id='word_1_146' title='bbox 950 1698 1052 1773; x_wconf 90' lang='lat' dir='ltr'><strong>lugam</strong></span> <span class='ocrx_word' id='word_1_147' title='bbox 1171 1731 1175 1738; x_wconf 95' lang='lat'>·</span> 
     </span>
    </p>
   </div>
   <div class='ocr_carea' id='block_1_4' title="bbox 79 1776 1052 3542">
    <p class='ocr_par' dir='ltr' id='par_1_4' title="bbox 81 1776 1052 3029">
     <span class='ocr_line' id='line_1_19' title="bbox 85 1776 1052 1857; baseline 0.006 -22"><span class='ocrx_word' id='word_1_148' title='bbox 85 1776 208 1855; x_wconf 88' lang='lat' dir='ltr'><strong>dissipati</strong></span> <span class='ocrx_word' id='word_1_149' title='bbox 222 1790 305 1844; x_wconf 89' lang='lat' dir='ltr'><strong>sunt.</strong></span> <span class='ocrx_word' id='word_1_150' title='bbox 325 1798 382 1842; x_wconf 89' lang='lat' dir='ltr'><strong>rex</strong></span> <span class='ocrx_word' id='word_1_151' title='bbox 396 1783 497 1844; x_wconf 81' lang='lat' dir='ltr'><strong>effuso</strong></span> <span class='ocrx_word' id='word_1_152' title='bbox 513 1799 607 1844; x_wconf 90' lang='lat' dir='ltr'><strong>cursu</strong></span> <span class='ocrx_word' id='word_1_153' title='bbox 620 1783 733 1857; x_wconf 88' lang='lat' dir='ltr'><strong>Tempe</strong></span> <span class='ocrx_word' id='word_1_154' title='bbox 749 1783 833 1857; x_wconf 84' lang='lat' dir='ltr'><strong>petit.</strong></span> <span class='ocrx_word' id='word_1_155' title='bbox 859 1781 900 1841; x_wconf 93' lang='lat' dir='ltr'><strong>ibi</strong></span> <span class='ocrx_word' id='word_1_156' title='bbox 916 1781 956 1841; x_wconf 89' lang='lat' dir='ltr'><strong>ad</strong></span> <span class='ocrx_word' id='word_1_157' title='bbox 971 1780 1052 1842; x_wconf 89' lang='lat' dir='ltr'><strong>Gon-</strong></span> 
     </span>
     <span class='ocr_line' id='line_1_20' title="bbox 85 1863 1051 1941; baseline 0.011 -22"><span class='ocrx_word' id='word_1_158' title='bbox 85 1875 133 1921; x_wconf 88' lang='lat' dir='ltr'><strong>nos</strong></span> <span class='ocrx_word' id='word_1_159' title='bbox 152 1863 227 1924; x_wconf 90' lang='lat' dir='ltr'><strong>diem</strong></span> <span class='ocrx_word' id='word_1_160' title='bbox 248 1881 345 1926; x_wconf 91' lang='lat' dir='ltr'><strong>unum</strong></span> <span class='ocrx_word' id='word_1_161' title='bbox 365 1865 499 1928; x_wconf 91' lang='lat' dir='ltr'><strong>substitit</strong></span> <span class='ocrx_word' id='word_1_162' title='bbox 519 1866 559 1927; x_wconf 89' lang='lat' dir='ltr'><strong>ad</strong></span> <span class='ocrx_word' id='word_1_163' title='bbox 580 1864 797 1941; x_wconf 88' lang='lat' dir='ltr'><strong>excipiendos,</strong></span> <span class='ocrx_word' id='word_1_164' title='bbox 818 1865 845 1925; x_wconf 89' lang='lat' dir='ltr'><strong>si</strong></span> <span class='ocrx_word' id='word_1_165' title='bbox 866 1865 919 1940; x_wconf 90' lang='lat' dir='ltr'><strong>qui</strong></span> <span class='ocrx_word' id='word_1_166' title='bbox 934 1866 1051 1940; x_wconf 86' lang='lat' dir='ltr'><strong>proclia</strong></span> 
     </span>
     <span class='ocr_line' id='line_1_21' title="bbox 85 1948 1052 2024; baseline 0.004 -20"><span class='ocrx_word' id='word_1_167' title='bbox 85 1955 280 2020; x_wconf 88' lang='lat' dir='ltr'><strong>superessent.</strong></span> <span class='ocrx_word' id='word_1_168' title='bbox 301 1949 432 2012; x_wconf 88' lang='lat' dir='ltr'><strong>Romani</strong></span> <span class='ocrx_word' id='word_1_169' title='bbox 445 1951 579 2011; x_wconf 88' lang='lat' dir='ltr'><strong>victores</strong></span> <span class='ocrx_word' id='word_1_170' title='bbox 594 1950 625 2008; x_wconf 92' lang='lat' dir='ltr'><strong>in</strong></span> <span class='ocrx_word' id='word_1_171' title='bbox 638 1956 739 2010; x_wconf 89' lang='lat' dir='ltr'><strong>castra</strong></span> <span class='ocrx_word' id='word_1_172' title='bbox 749 1948 883 2010; x_wconf 90' lang='lat' dir='ltr'><strong>hostium</strong></span> <span class='ocrx_word' id='word_1_173' title='bbox 895 1965 952 2024; x_wconf 92' lang='lat' dir='ltr'><strong>spe</strong></span> <span class='ocrx_word' id='word_1_174' title='bbox 963 1965 1052 2024; x_wconf 87' lang='lat' dir='ltr'><strong>prae-</strong></span> 
     </span>
     <span class='ocr_line' id='line_1_22' title="bbox 85 2027 1052 2110; baseline 0.005 -25"><span class='ocrx_word' id='word_1_175' title='bbox 85 2027 132 2087; x_wconf 87' lang='lat' dir='ltr'><strong>dae</strong></span> <span class='ocrx_word' id='word_1_176' title='bbox 149 2033 336 2110; x_wconf 78' lang='lat' dir='ltr'><strong>irrumpant:</strong></span> <span class='ocrx_word' id='word_1_177' title='bbox 358 2049 395 2094; x_wconf 91' lang='lat' dir='ltr'><strong>ea</strong></span> <span class='ocrx_word' id='word_1_178' title='bbox 414 2050 525 2108; x_wconf 86' lang='lat' dir='ltr'><strong>magna</strong></span> <span class='ocrx_word' id='word_1_179' title='bbox 545 2035 606 2094; x_wconf 89' lang='lat' dir='ltr'><strong>iam</strong></span> <span class='ocrx_word' id='word_1_180' title='bbox 625 2039 773 2110; x_wconf 73' lang='lat' dir='ltr'><strong>exparte</strong></span> <span class='ocrx_word' id='word_1_181' title='bbox 793 2033 912 2107; x_wconf 88' lang='lat' dir='ltr'><strong>direpta</strong></span> <span class='ocrx_word' id='word_1_182' title='bbox 932 2032 971 2092; x_wconf 90' lang='lat' dir='ltr'><strong>ab</strong></span> <span class='ocrx_word' id='word_1_183' title='bbox 990 2034 1052 2092; x_wconf 88' lang='lat' dir='ltr'><strong>Ae-</strong></span> 
     </span>
     <span class='ocr_line' id='line_1_23' title="bbox 84 2112 1052 2191; baseline 0.007 -22"><span class='ocrx_word' id='word_1_184' title='bbox 84 2112 144 2172; x_wconf 89' lang='lat' dir='ltr'><strong>tolis</strong></span> <span class='ocrx_word' id='word_1_185' title='bbox 157 2115 324 2178; x_wconf 85' lang='lat' dir='ltr'><strong>inveniunt.</strong></span> <span class='ocrx_word' id='word_1_186' title='bbox 352 2133 445 2178; x_wconf 91' lang='lat' dir='ltr'><strong>caesa</strong></span> <span class='ocrx_word' id='word_1_187' title='bbox 460 2133 498 2178; x_wconf 92' lang='lat' dir='ltr'><strong>eo</strong></span> <span class='ocrx_word' id='word_1_188' title='bbox 513 2119 563 2178; x_wconf 88' lang='lat' dir='ltr'><strong>dic</strong></span> <span class='ocrx_word' id='word_1_189' title='bbox 579 2125 648 2178; x_wconf 92' lang='lat' dir='ltr'><strong>octo</strong></span> <span class='ocrx_word' id='word_1_190' title='bbox 663 2115 746 2176; x_wconf 90' lang='lat' dir='ltr'><strong>milia</strong></span> <span class='ocrx_word' id='word_1_191' title='bbox 759 2115 902 2189; x_wconf 89' lang='lat' dir='ltr'><strong>hostium,</strong></span> <span class='ocrx_word' id='word_1_192' title='bbox 918 2115 1052 2191; x_wconf 88' lang='lat' dir='ltr'><strong>quinque</strong></span> 
     </span>
     <span class='ocr_line' id='line_1_24' title="bbox 85 2198 1051 2277; baseline 0 -19"><span class='ocrx_word' id='word_1_193' title='bbox 85 2204 169 2270; x_wconf 84' lang='lat' dir='ltr'><strong>capta.</strong></span> <span class='ocrx_word' id='word_1_194' title='bbox 190 2215 229 2260; x_wconf 87' lang='lat' dir='ltr'><strong>ex</strong></span> <span class='ocrx_word' id='word_1_195' title='bbox 243 2200 414 2263; x_wconf 85' lang='lat' dir='ltr'><strong>victoribus</strong></span> <span class='ocrx_word' id='word_1_196' title='bbox 429 2199 615 2277; x_wconf 84' lang='lat' dir='ltr'><strong>septingenti</strong></span> <span class='ocrx_word' id='word_1_197' title='bbox 630 2202 725 2260; x_wconf 85' lang='lat' dir='ltr'><strong>terme</strong></span> <span class='ocrx_word' id='word_1_198' title='bbox 739 2199 926 2262; x_wconf 89' lang='lat' dir='ltr'><strong>ceciderunt.</strong></span> <span class='ocrx_word' id='word_1_199' title='bbox 949 2198 976 2260; x_wconf 93' lang='lat' dir='ltr'><strong>si</strong></span> <span class='ocrx_word' id='word_1_200' title='bbox 989 2199 1051 2258; x_wconf 88' lang='lat' dir='ltr'><strong>Va-</strong></span> 
     </span>
     <span class='ocr_line' id='line_1_25' title="bbox 84 2275 1047 2360; baseline 0.008 -24"><span class='ocrx_word' id='word_1_201' title='bbox 84 2275 145 2342; x_wconf 90' lang='lat' dir='ltr'><strong>lerio</strong></span> <span class='ocrx_word' id='word_1_202' title='bbox 166 2285 216 2360; x_wconf 91' lang='lat' dir='ltr'><strong>qui</strong></span> <span class='ocrx_word' id='word_1_203' title='bbox 238 2285 359 2356; x_wconf 85' lang='lat' dir='ltr'><strong>credat,</strong></span> <span class='ocrx_word' id='word_1_204' title='bbox 381 2286 516 2346; x_wconf 88' lang='lat' dir='ltr'><strong>omnium</strong></span> <span class='ocrx_word' id='word_1_205' title='bbox 532 2301 634 2346; x_wconf 85' lang='lat' dir='ltr'><strong>rerum</strong></span> <span class='ocrx_word' id='word_1_206' title='bbox 649 2284 810 2345; x_wconf 89' lang='lat' dir='ltr'><strong>immodica</strong></span> <span class='ocrx_word' id='word_1_207' title='bbox 825 2299 983 2345; x_wconf 90' lang='lat' dir='ltr'><strong>numerum</strong></span> <span class='ocrx_word' id='word_1_208' title='bbox 998 2299 1047 2344; x_wconf 88' lang='lat' dir='ltr'><strong>au·</strong></span> 
     </span>
     <span class='ocr_line' id='line_1_26' title="bbox 84 2363 1052 2443; baseline 0.005 -22"><span class='ocrx_word' id='word_1_209' title='bbox 84 2363 160 2439; x_wconf 84' lang='lat' dir='ltr'><strong>genti,</strong></span> <span class='ocrx_word' id='word_1_210' title='bbox 176 2369 381 2443; x_wconf 88' lang='lat' dir='ltr'><strong>quadraginta</strong></span> <span class='ocrx_word' id='word_1_211' title='bbox 394 2369 478 2429; x_wconf 88' lang='lat' dir='ltr'><strong>milia</strong></span> <span class='ocrx_word' id='word_1_212' title='bbox 489 2369 622 2430; x_wconf 90' lang='lat' dir='ltr'><strong>hostium</strong></span> <span class='ocrx_word' id='word_1_213' title='bbox 636 2383 674 2430; x_wconf 91' lang='lat' dir='ltr'><strong>eo</strong></span> <span class='ocrx_word' id='word_1_214' title='bbox 690 2369 740 2428; x_wconf 88' lang='lat' dir='ltr'><strong>die</strong></span> <span class='ocrx_word' id='word_1_215' title='bbox 755 2375 827 2429; x_wconf 90' lang='lat' dir='ltr'><strong>sunt</strong></span> <span class='ocrx_word' id='word_1_216' title='bbox 837 2383 945 2438; x_wconf 89' lang='lat' dir='ltr'><strong>oaesa;</strong></span> <span class='ocrx_word' id='word_1_217' title='bbox 962 2375 1052 2440; x_wconf 90' lang='lat' dir='ltr'><strong>capta</strong></span> 
     </span>
     <span class='ocr_line' id='line_1_27' title="bbox 84 2447 1051 2525; baseline 0.002 -19"><span class='ocrx_word' id='word_1_218' title='bbox 84 2447 163 2508; x_wconf 73' lang='lat' dir='ltr'><strong>—lbi</strong></span> <span class='ocrx_word' id='word_1_219' title='bbox 176 2453 349 2513; x_wconf 81' lang='lat' dir='ltr'><strong>modestius</strong></span> <span class='ocrx_word' id='word_1_220' title='bbox 370 2453 561 2514; x_wconf 88' lang='lat' dir='ltr'><strong>mendacium</strong></span> <span class='ocrx_word' id='word_1_221' title='bbox 578 2459 625 2512; x_wconf 90' lang='lat' dir='ltr'><strong>est</strong></span> <span class='ocrx_word' id='word_1_222' title='bbox 634 2485 678 2496; x_wconf 93' lang='lat'>-</span> <span class='ocrx_word' id='word_1_223' title='bbox 689 2452 827 2525; x_wconf 87' lang='lat' dir='ltr'><strong>quinque</strong></span> <span class='ocrx_word' id='word_1_224' title='bbox 841 2451 923 2510; x_wconf 88' lang='lat' dir='ltr'><strong>milia</strong></span> <span class='ocrx_word' id='word_1_225' title='bbox 937 2450 1051 2524; x_wconf 86' lang='lat' dir='ltr'><strong>septin-</strong></span> 
     </span>
     <span class='ocr_line' id='line_1_28' title="bbox 82 2532 1051 2610; baseline 0.002 -22"><span class='ocrx_word' id='word_1_226' title='bbox 82 2533 159 2604; x_wconf 83' lang='lat' dir='ltr'><strong>genti,</strong></span> <span class='ocrx_word' id='word_1_227' title='bbox 175 2536 264 2610; x_wconf 88' lang='lat' dir='ltr'><strong>signa</strong></span> <span class='ocrx_word' id='word_1_228' title='bbox 279 2536 419 2596; x_wconf 86' lang='lat' dir='ltr'><strong>militaria</strong></span> <span class='ocrx_word' id='word_1_229' title='bbox 432 2536 565 2597; x_wconf 84' lang='lat' dir='ltr'><strong>ducenta</strong></span> <span class='ocrx_word' id='word_1_230' title='bbox 578 2534 875 2609; x_wconf 84' lang='lat' dir='ltr'><strong>undequadraginta.</strong></span> <span class='ocrx_word' id='word_1_231' title='bbox 907 2532 1051 2592; x_wconf 85' lang='lat' dir='ltr'><strong>Claudius</strong></span> 
     </span>
     <span class='ocr_line' id='line_1_29' title="bbox 83 2615 1052 2694; baseline 0.002 -21"><span class='ocrx_word' id='word_1_232' title='bbox 83 2629 192 2690; x_wconf 91' lang='lat' dir='ltr'><strong>quoque</strong></span> <span class='ocrx_word' id='word_1_233' title='bbox 207 2619 271 2680; x_wconf 92' lang='lat' dir='ltr'><strong>duo</strong></span> <span class='ocrx_word' id='word_1_234' title='bbox 294 2626 323 2679; x_wconf 86' lang='lat' dir='ltr'><strong>et</strong></span> <span class='ocrx_word' id='word_1_235' title='bbox 336 2620 458 2694; x_wconf 89' lang='lat' dir='ltr'><strong>triginta</strong></span> <span class='ocrx_word' id='word_1_236' title='bbox 472 2619 555 2678; x_wconf 88' lang='lat' dir='ltr'><strong>milia</strong></span> <span class='ocrx_word' id='word_1_237' title='bbox 568 2618 702 2680; x_wconf 90' lang='lat' dir='ltr'><strong>hostium</strong></span> <span class='ocrx_word' id='word_1_238' title='bbox 716 2632 808 2677; x_wconf 88' lang='lat' dir='ltr'><strong>caesa</strong></span> <span class='ocrx_word' id='word_1_239' title='bbox 822 2615 941 2689; x_wconf 86' lang='lat' dir='ltr'><strong>scribit,</strong></span> <span class='ocrx_word' id='word_1_240' title='bbox 963 2622 1052 2690; x_wconf 91' lang='lat' dir='ltr'><strong>capta</strong></span> 
     </span>
     <span class='ocr_line' id='line_1_30' title="bbox 82 2697 1050 2774; baseline 0.002 -18"><span class='ocrx_word' id='word_1_241' title='bbox 82 2706 211 2770; x_wconf 87' lang='lat' dir='ltr'><strong>quattuor</strong></span> <span class='ocrx_word' id='word_1_242' title='bbox 231 2703 316 2762; x_wconf 88' lang='lat' dir='ltr'><strong>milia</strong></span> <span class='ocrx_word' id='word_1_243' title='bbox 330 2711 359 2763; x_wconf 88' lang='lat' dir='ltr'><strong>ct</strong></span> <span class='ocrx_word' id='word_1_244' title='bbox 375 2711 539 2764; x_wconf 85' lang='lat' dir='ltr'><strong>trecentos.</strong></span> <span class='ocrx_word' id='word_1_245' title='bbox 571 2717 629 2762; x_wconf 94' lang='lat' dir='ltr'><strong>nos</strong></span> <span class='ocrx_word' id='word_1_246' title='bbox 644 2717 705 2761; x_wconf 92' lang='lat' dir='ltr'><strong>non</strong></span> <span class='ocrx_word' id='word_1_247' title='bbox 720 2699 842 2762; x_wconf 90' lang='lat' dir='ltr'><strong>minimo</strong></span> <span class='ocrx_word' id='word_1_248' title='bbox 859 2697 1050 2774; x_wconf 88' lang='lat' dir='ltr'><strong>potissimum</strong></span> 
     </span>
     <span class='ocr_line' id='line_1_31' title="bbox 82 2783 1050 2865; baseline 0 -24"><span class='ocrx_word' id='word_1_249' title='bbox 82 2794 195 2846; x_wconf 88' lang='lat' dir='ltr'><strong>numero</strong></span> <span class='ocrx_word' id='word_1_250' title='bbox 211 2786 416 2861; x_wconf 88' lang='lat' dir='ltr'><strong>credidimus,</strong></span> <span class='ocrx_word' id='word_1_251' title='bbox 438 2788 495 2848; x_wconf 86' lang='lat' dir='ltr'><strong>sed</strong></span> <span class='ocrx_word' id='word_1_252' title='bbox 508 2786 669 2865; x_wconf 80' lang='lat' dir='ltr'><strong>Polybium</strong></span> <span class='ocrx_word' id='word_1_253' title='bbox 685 2785 782 2846; x_wconf 91' lang='lat' dir='ltr'><strong>secuti</strong></span> <span class='ocrx_word' id='word_1_254' title='bbox 798 2799 915 2857; x_wconf 89' lang='lat' dir='ltr'><strong>sumus,</strong></span> <span class='ocrx_word' id='word_1_255' title='bbox 930 2799 992 2844; x_wconf 89' lang='lat' dir='ltr'><strong>non</strong></span> <span class='ocrx_word' id='word_1_256' title='bbox 1006 2783 1050 2842; x_wconf 93' lang='lat' dir='ltr'><strong>in-</strong></span> 
     </span>
     <span class='ocr_line' id='line_1_32' title="bbox 81 2869 1049 2932; baseline 0.007 -12"><span class='ocrx_word' id='word_1_257' title='bbox 81 2872 183 2928; x_wconf 85' lang='lat' dir='ltr'><strong>certum</strong></span> <span class='ocrx_word' id='word_1_258' title='bbox 209 2877 366 2932; x_wconf 90' lang='lat' dir='ltr'><strong>auctorem</strong></span> <span class='ocrx_word' id='word_1_259' title='bbox 393 2887 462 2931; x_wconf 90' lang='lat' dir='ltr'><strong>cum</strong></span> <span class='ocrx_word' id='word_1_260' title='bbox 484 2871 619 2931; x_wconf 91' lang='lat' dir='ltr'><strong>omnium</strong></span> <span class='ocrx_word' id='word_1_261' title='bbox 638 2869 844 2930; x_wconf 88' lang='lat' dir='ltr'><strong>Romanarum</strong></span> <span class='ocrx_word' id='word_1_262' title='bbox 863 2883 965 2928; x_wconf 91' lang='lat' dir='ltr'><strong>rerum</strong></span> <span class='ocrx_word' id='word_1_263' title='bbox 986 2874 1049 2928; x_wconf 89' lang='lat' dir='ltr'><strong>tum</strong></span> 
     </span>
     <span class='ocr_line' id='line_1_33' title="bbox 82 2951 603 3029; baseline 0.013 -25"><span class='ocrx_word' id='word_1_264' title='bbox 82 2951 236 3027; x_wconf 88' lang='lat' dir='ltr'><strong>praecipue</strong></span> <span class='ocrx_word' id='word_1_265' title='bbox 250 2953 282 3012; x_wconf 92' lang='lat' dir='ltr'><strong>in</strong></span> <span class='ocrx_word' id='word_1_266' title='bbox 298 2955 426 3014; x_wconf 89' lang='lat' dir='ltr'><strong>Graecia</strong></span> <span class='ocrx_word' id='word_1_267' title='bbox 438 2962 603 3029; x_wconf 87' lang='lat' dir='ltr'><strong>gestarum.</strong></span> 
     </span>
    </p>

    <p class='ocr_par' dir='ltr' id='par_1_5' title="bbox 79 3033 1051 3542">
     <span class='ocr_line' id='line_1_34' title="bbox 152 3033 1050 3114; baseline -0.002 -18"><span class='ocrx_word' id='word_1_268' title='bbox 152 3033 201 3098; x_wconf 88' lang='lat' dir='ltr'><strong>xl.</strong></span> <span class='ocrx_word' id='word_1_269' title='bbox 229 3035 389 3114; x_wconf 89' lang='lat' dir='ltr'><strong>Philippus</strong></span> <span class='ocrx_word' id='word_1_270' title='bbox 411 3039 548 3099; x_wconf 92' lang='lat' dir='ltr'><strong>collectis</strong></span> <span class='ocrx_word' id='word_1_271' title='bbox 568 3052 608 3097; x_wconf 84' lang='lat' dir='ltr'><strong>ex</strong></span> <span class='ocrx_word' id='word_1_272' title='bbox 629 3037 716 3112; x_wconf 87' lang='lat' dir='ltr'><strong>luga,</strong></span> <span class='ocrx_word' id='word_1_273' title='bbox 738 3036 790 3113; x_wconf 89' lang='lat' dir='ltr'><strong>qui</strong></span> <span class='ocrx_word' id='word_1_274' title='bbox 810 3035 904 3097; x_wconf 88' lang='lat' dir='ltr'><strong>variis</strong></span> <span class='ocrx_word' id='word_1_275' title='bbox 926 3034 1050 3096; x_wconf 85' lang='lat' dir='ltr'><strong>casibus</strong></span> 
     </span>
     <span class='ocr_line' id='line_1_35' title="bbox 81 3119 1051 3198; baseline 0.003 -25"><span class='ocrx_word' id='word_1_276' title='bbox 81 3128 191 3190; x_wconf 79' lang='lat' dir='ltr'><strong>pugnae</strong></span> <span class='ocrx_word' id='word_1_277' title='bbox 213 3121 355 3198; x_wconf 85' lang='lat' dir='ltr'><strong>dissipati</strong></span> <span class='ocrx_word' id='word_1_278' title='bbox 375 3121 506 3198; x_wconf 88' lang='lat' dir='ltr'><strong>vestigia</strong></span> <span class='ocrx_word' id='word_1_279' title='bbox 521 3122 588 3183; x_wconf 91' lang='lat' dir='ltr'><strong>eius</strong></span> <span class='ocrx_word' id='word_1_280' title='bbox 609 3120 707 3182; x_wconf 86' lang='lat' dir='ltr'><strong>secuti</strong></span> <span class='ocrx_word' id='word_1_281' title='bbox 728 3121 862 3194; x_wconf 81' lang='lat' dir='ltr'><strong>fuerant,</strong></span> <span class='ocrx_word' id='word_1_282' title='bbox 882 3119 1051 3192; x_wconf 87' lang='lat' dir='ltr'><strong>missisque</strong></span> 
     </span>
     <span class='ocr_line' id='line_1_36' title="bbox 79 3195 1048 3280; baseline 0 -24"><span class='ocrx_word' id='word_1_283' title='bbox 79 3195 204 3264; x_wconf 86' lang='lat' dir='ltr'><strong>Larisam</strong></span> <span class='ocrx_word' id='word_1_284' title='bbox 231 3205 272 3264; x_wconf 87' lang='lat' dir='ltr'><strong>ad</strong></span> <span class='ocrx_word' id='word_1_285' title='bbox 298 3205 533 3266; x_wconf 90' lang='lat' dir='ltr'><strong>commentarios</strong></span> <span class='ocrx_word' id='word_1_286' title='bbox 558 3205 662 3280; x_wconf 90' lang='lat' dir='ltr'><strong>regins</strong></span> <span class='ocrx_word' id='word_1_287' title='bbox 687 3203 928 3275; x_wconf 88' lang='lat' dir='ltr'><strong>comburendos,</strong></span> <span class='ocrx_word' id='word_1_288' title='bbox 956 3214 995 3259; x_wconf 92' lang='lat' dir='ltr'><strong>ne</strong></span> <span class='ocrx_word' id='word_1_289' title='bbox 1019 3199 1048 3257; x_wconf 92' lang='lat' dir='ltr'><strong>in</strong></span> 
     </span>
     <span class='ocr_line' id='line_1_37' title="bbox 79 3278 1049 3365; baseline 0.003 -27"><span class='ocrx_word' id='word_1_290' title='bbox 79 3278 202 3346; x_wconf 89' lang='lat' dir='ltr'><strong>hostium</strong></span> <span class='ocrx_word' id='word_1_291' title='bbox 223 3289 362 3350; x_wconf 85' lang='lat' dir='ltr'><strong>venirent</strong></span> <span class='ocrx_word' id='word_1_292' title='bbox 382 3296 578 3365; x_wconf 87' lang='lat' dir='ltr'><strong>potestatem,</strong></span> <span class='ocrx_word' id='word_1_293' title='bbox 603 3290 633 3348; x_wconf 93' lang='lat' dir='ltr'><strong>in</strong></span> <span class='ocrx_word' id='word_1_294' title='bbox 654 3287 865 3348; x_wconf 87' lang='lat' dir='ltr'><strong>Macedoniam</strong></span> <span class='ocrx_word' id='word_1_295' title='bbox 886 3283 1049 3344; x_wconf 88' lang='lat' dir='ltr'><strong>concessit.</strong></span> 
     </span>
     <span class='ocr_line' id='line_1_38' title="bbox 80 3362 1051 3448; baseline -0.003 -22"><span class='ocrx_word' id='word_1_296' title='bbox 80 3362 228 3434; x_wconf 79' lang='lat' dir='ltr'><strong>Quinctius</strong></span> <span class='ocrx_word' id='word_1_297' title='bbox 250 3373 378 3448; x_wconf 90' lang='lat' dir='ltr'><strong>captivis</strong></span> <span class='ocrx_word' id='word_1_298' title='bbox 400 3373 580 3448; x_wconf 86' lang='lat' dir='ltr'><strong>praedaque</strong></span> <span class='ocrx_word' id='word_1_299' title='bbox 599 3387 712 3432; x_wconf 89' lang='lat' dir='ltr'><strong>venum</strong></span> <span class='ocrx_word' id='word_1_300' title='bbox 726 3371 822 3443; x_wconf 85' lang='lat' dir='ltr'><strong>datis,</strong></span> <span class='ocrx_word' id='word_1_301' title='bbox 842 3365 951 3444; x_wconf 87' lang='lat' dir='ltr'><strong>partim</strong></span> <span class='ocrx_word' id='word_1_302' title='bbox 965 3363 1051 3426; x_wconf 88' lang='lat' dir='ltr'><strong>militi</strong></span> 
     </span>
     <span class='ocr_line' id='line_1_39' title="bbox 81 3451 1050 3542; baseline 0.004 -36"><span class='ocrx_word' id='word_1_303' title='bbox 81 3454 245 3528; x_wconf 88' lang='lat' dir='ltr'><strong>concessis,</strong></span> <span class='ocrx_word' id='word_1_304' title='bbox 261 3455 395 3517; x_wconf 89' lang='lat' dir='ltr'><strong>Larisam</strong></span> <span class='ocrx_word' id='word_1_305' title='bbox 411 3462 459 3517; x_wconf 90' lang='lat' dir='ltr'><strong>est</strong></span> <span class='ocrx_word' id='word_1_306' title='bbox 472 3457 644 3532; x_wconf 84' lang='lat' dir='ltr'><strong>prolectas,</strong></span> <span class='ocrx_word' id='word_1_307' title='bbox 665 3455 821 3542; x_wconf 88' lang='lat' dir='ltr'><strong>hauddum</strong></span> <span class='ocrx_word' id='word_1_308' title='bbox 835 3451 909 3512; x_wconf 88' lang='lat' dir='ltr'><strong>satis</strong></span> <span class='ocrx_word' id='word_1_309' title='bbox 925 3465 1050 3526; x_wconf 89' lang='lat' dir='ltr'><strong>gnarus,</strong></span> 
     </span>
    </p>
   </div>
   <div class='ocr_carea' id='block_1_5' title="bbox 0 0 1246 3902">
    <p class='ocr_par' dir='ltr' id='par_1_6' title="bbox 0 0 1246 3902">
     <span class='ocr_line' id='line_1_40' title="bbox 0 0 1246 3902; baseline 0 2"><span class='ocrx_word' id='word_1_310' title='bbox 0 0 1246 3902; x_wconf 95' lang='lat' dir='ltr'><strong> </strong></span> 
     </span>
    </p>
   </div>
  </div>
 </body>
</html>
