2482 3902
250 205 367 266 nmen
379 204 512 266 xxxiii.
536 205 619 266 cnP.
634 212 735 271 tete
758 215 794 282 [ι.
809 213 841 272 c.
855 216 917 284 ree]
1010 211 1071 276 121

82 364 122 424 ab
136 368 199 422 tam
218 359 365 436 gravibus
384 359 576 432 auctoribus,
598 366 662 420 tum
678 363 730 436 qui
745 362 846 422 omnia
863 379 919 437 per
933 381 968 424 se
983 365 1072 441 ipsos

81 448 244 522 explorata
258 444 428 518 adferrent,
444 444 636 516 audirentur,
659 445 756 506 maior
769 461 837 521 res,
854 449 938 522 quod
952 450 993 509 ad
1006 452 1071 511 An·

80 529 217 592 tiochum
230 529 377 602 attineret,
385 528 567 588 maturanda
577 529 685 603 magis,
698 531 843 604 quoniam
856 545 911 590 rex
925 548 1070 606 quacum·

81 629 143 690 qua
158 613 201 674 de
216 629 311 673 causa
324 611 354 672 in
370 610 492 690 Syriam
508 611 726 687 concessisset,
744 613 783 673 de
798 620 930 692 tyranno
946 619 1070 680 consol·

79 699 153 759 tatio
168 697 240 758 visa
254 704 312 758 est,
333 709 403 756 cum
417 696 470 756 diu
481 695 686 772 disceptatum
701 704 793 771 esset,
808 704 909 759 utrum
920 697 996 760 satis
1008 702 1071 762 iam

81 795 198 842 causac
218 781 388 854 videretur,
411 794 467 840 cur
481 779 699 840 decerneretur
711 781 840 856 bellum,
862 799 900 842 an
916 785 1069 859 permitte·

80 871 152 926 rant
160 866 195 925 T.
203 863 353 938 Quinctio,
368 863 453 939 quod
469 864 508 923 ad
519 863 616 924 Nahin
627 863 906 927 Lacedaemonium
920 868 1072 944 attineret,

79 951 201 1010 faceret
213 949 299 1025 quod
314 961 376 1008 ere
388 947 513 1024 publica
523 953 665 1009 censeret
674 963 755 1024 essa,
771 950 985 1025 permiserunt,
1001 969 1070 1013 eam

79 1049 147 1094 rem
168 1047 242 1094 esse
256 1033 328 1108 rati,
352 1047 431 1108 quae
445 1039 594 1093 maturata
609 1033 741 1092 dilatave
755 1049 817 1094 non
832 1033 874 1094 ita
887 1035 989 1111 magni
1004 1053 1066 1098 mo·

78 1115 176 1178 menti
191 1117 232 1178 ad
246 1131 395 1178 summam
409 1131 474 1176 rem
489 1115 644 1191 publicam
658 1123 752 1177 esset.
774 1117 872 1192 magis
887 1118 920 1178 id
934 1120 1069 1180 animad-

78 1201 265 1263 vertendum
279 1215 360 1275 esse,
376 1199 451 1276 quid
461 1198 614 1260 Hannibal
628 1206 659 1260 et
670 1199 946 1276 Carthaginienses,
962 1204 988 1262 si
1001 1219 1071 1264 cum

79 1285 237 1347 Antiocho
251 1285 364 1345 bellum
379 1290 494 1346 motum
509 1285 597 1356 foret,
613 1285 710 1344 acturi
725 1293 840 1346 essent.

167 1370 331 1430 Adversas
354 1368 518 1430 Hannibali
542 1368 685 1429 factionis
708 1368 849 1430 homines
876 1370 1071 1446 principibus

79 1453 246 1528 Romanis,
264 1453 438 1529 hospitibus
461 1453 595 1529 quisque
609 1453 691 1524 suis,
711 1452 876 1514 identidem
893 1454 1070 1516 scribebant

79 1538 208 1600 nuntios
229 1538 407 1612 litterasque
428 1537 467 1598 ab
487 1537 658 1598 Hannibale
682 1537 722 1598 ad
738 1537 925 1600 Antiochum
946 1538 1069 1614 nrissaa,

78 1629 113 1684 et
126 1622 167 1683 ab
186 1637 261 1696 rege
281 1621 322 1682 ad
341 1636 411 1681 aum
431 1623 509 1682 clam
529 1622 648 1698 legatos
663 1621 797 1682 venisse.
827 1627 862 1683 ut
875 1622 958 1683 feras
974 1637 1067 1698 quas·

79 1707 153 1768 dam
176 1706 260 1767 nulla
278 1705 440 1766 mitescere
460 1711 540 1779 arte,
566 1703 613 1766 sic
633 1705 776 1765 immitem
796 1713 826 1765 ct
845 1706 1070 1782 implacabilem

78 1792 150 1852 cius
165 1789 222 1850 viri
241 1789 375 1850 animum
395 1803 476 1850 esse.
509 1803 702 1850 marcescere
716 1789 769 1849 otii
784 1790 844 1850 situ
861 1790 948 1865 queri
964 1791 1068 1851 civita·

77 1882 158 1950 tem,
180 1880 210 1934 et
230 1873 338 1934 inertia
360 1873 471 1950 sopiri,
492 1887 550 1934 nec
571 1873 639 1934 sinc
654 1887 807 1934 armorum
822 1873 927 1935 sonitu
942 1874 1069 1935 excitari

78 1973 189 2034 posse.
222 1957 299 2020 haec
320 1956 492 2034 probabilia
506 1954 653 2019 memoria
666 1955 778 2034 prioris
793 1957 880 2032 belli,
902 1973 1070 2034 perunum

77 2043 168 2103 illum
190 2057 253 2103 non
273 2043 371 2118 magis
392 2042 471 2117 gesti
492 2057 584 2118 quam
604 2041 694 2117 moti,
719 2040 859 2102 faciebat.
896 2041 1068 2102 irritaverat

78 2127 175 2188 etiam
184 2127 300 2187 recenti
311 2128 392 2187 lacto
404 2127 567 2188 multorum
578 2126 745 2202 potentium
755 2125 884 2186 animos.
899 2125 1003 2186 XLVI.
1019 2125 1069 2188 iu·

80 2209 188 2272 dicum
213 2211 290 2272 crdo
312 2210 493 2286 carthagine
517 2226 556 2272 aa
575 2215 757 2286 tempestate
778 2209 1008 2284 dominabatur,
1029 2224 1070 2270 co

79 2295 218 2356 maxime
232 2295 318 2371 quod
332 2295 412 2356 idem
428 2295 569 2371 perpetui
583 2295 700 2355 iudices
716 2300 810 2356 erant
832 2309 884 2356 res
898 2295 982 2355 lama
992 2295 1070 2354 vita·

79 2393 143 2456 que
160 2381 295 2440 omnitnn
309 2379 340 2439 ln
354 2377 474 2440 illorum
489 2386 640 2454 potestate
654 2385 727 2438 erat.
761 2379 813 2454 qui
827 2394 922 2440 unum
937 2378 1005 2438 eius
1021 2392 1069 2436 cr-

79 2463 164 2526 dinis
179 2462 370 2537 offendisset,
387 2462 486 2525 omnis
503 2464 654 2523 adversos
666 2461 814 2531 habebat;
837 2477 895 2521 nec
907 2467 1074 2522 accusator

78 2547 168 2625 apud
192 2548 332 2608 infensos
357 2547 474 2609 iudices
500 2547 614 2606 deerat.
650 2545 758 2604 trorum
779 2545 810 2602 in
830 2551 892 2605 turn
913 2543 1072 2618 impotenti

76 2647 178 2709 regno
189 2647 347 2710 *nequa
368 2631 448 2691 enim
469 2630 598 2690 civiliter
612 2627 713 2688 nimiis
728 2627 840 2702 opibus
855 2627 1019 2688 utebantur
1029 2655 1072 2668 -

77 2724 209 2792 praetor
230 2716 329 2777 lactas
343 2715 494 2775 Hannibal
515 2713 620 2774 vocari
643 2711 683 2771 ad
704 2725 740 2770 se
755 2716 951 2786 quaestorem
972 2707 1073 2770 iussit.

80 2809 233 2877 quaestor
253 2799 284 2860 id
305 2815 362 2876 pro
382 2799 476 2860 nihilo
491 2797 610 2859 habuit:
632 2811 703 2855 nam
717 2801 748 2855 et
762 2795 914 2855 adversae
929 2793 1073 2856 factionis

78 2891 163 2960 erat,
186 2892 217 2946 ct
231 2885 305 2960 qtria
319 2897 359 2944 ex
374 2889 541 2960 quaestura
557 2883 587 2942 in
601 2879 737 2954 iudices,
761 2877 1007 2954 potentissimum
1024 2895 1072 2940 or·

79 2969 201 3042 dinem,
215 2968 441 3041 referebantur,
462 2967 522 3028 iam
538 2982 594 3042 pro
609 2962 719 3026 futuris
733 2979 806 3024 mox
824 2963 936 3038 opibus
952 2963 1074 3024 animos

78 3054 218 3127 gerebat.
253 3052 410 3113 enimvero
431 3049 588 3126 indignum
609 3049 642 3110 id
655 3055 742 3110 ratus
756 3047 910 3108 Hannibal
924 3047 1074 3108 viatorem

79 3137 121 3198 ad
135 3137 352 3213 prendendum
368 3142 565 3213 quaestorem
579 3133 670 3208 misit,
688 3131 940 3206 subductumque
952 3131 984 3190 in
999 3145 1071 3190 con-

80 3219 196 3282 tionem
217 3235 281 3284 non
300 3222 403 3298 ipsum
427 3219 525 3294 magis
547 3233 640 3294 quam
660 3217 799 3278 ordinem
822 3214 973 3286 iudicum,
998 3227 1074 3286 prae

81 3321 215 3380 quorum
230 3305 378 3383 superbia
391 3311 484 3380 atque
496 3301 608 3379 opibus
620 3316 679 3362 nec
690 3301 775 3376 leges
789 3297 955 3374 quicquam
967 3303 1074 3355 essent

81 3403 140 3451 nac
153 3391 363 3467 magistratus,
379 3389 545 3449 accusavit.
575 3393 606 3446 et
621 3391 654 3446 ut
667 3381 816 3446 secundis
832 3379 959 3440 auribus
975 3377 1074 3454 accipi

81 3474 255 3536 orationem
279 3472 506 3546 anhnadvertit,
533 3479 564 3532 et
586 3469 760 3530 infimorum
788 3477 914 3540 quoque
942 3461 1074 3524 libertati
