2482 3902
348 237 464 298 Libuit
474 235 607 298 XXXIV.
631 237 713 298 cup.
726 249 751 299 1.
763 248 790 299 a.
811 246 846 314 [a.
860 245 892 300 c.
904 248 965 314 tot]
1088 243 1149 308 125

218 392 303 452 flaret,
318 389 378 442 Sex.
392 392 480 442 Aelius
493 393 585 442 Paetus
599 399 624 442 et
639 390 664 443 G.
683 391 813 444 Cornelius
831 391 957 460 Cethegus
975 409 1094 448 censores
1111 399 1149 448 iu-

216 468 380 513 tervenerunt
398 476 456 510 cum
476 461 650 526 indignatione
666 461 757 526 plebia.
785 461 899 512 coloniae
915 463 1051 528 pleraeque
1069 466 1148 517 dedu-

217 540 272 581 ctae
282 535 348 580 suut.
367 529 400 582 M.
412 531 517 580 Porcius
530 529 591 580 Cato
601 530 633 580 da
645 531 767 596 Hispania
777 530 949 596 triumpharit.
975 532 1003 587 T.
1016 533 1147 592 Quinctius

216 599 385 659 Flamininus,
402 599 446 662 qni
456 597 602 664 Philippum
614 599 781 650 Macedonum
794 613 880 665 regem
893 607 918 651 et
930 600 1055 652 Nabidem
1069 603 1147 654 Lace-

217 669 410 720 daemoniorum
422 675 556 735 tyrannum
568 668 664 718 vicerat
674 668 853 732 Graeciamque
869 684 970 720 omnam
984 671 1145 733 liberaverat,

218 737 250 789 ob
259 737 326 788 hanc
337 751 423 789 rernm
434 745 564 804 gestarum
579 737 765 788 multitudinem
776 738 859 788 triduo
870 739 1042 805 triumphavit.
1068 739 1147 808 legati

215 805 463 874 Carthaginiensium
478 805 657 856 nuntiaverunt
676 806 855 871 Hannibalem,
877 809 921 872 qni
940 808 974 860 ad
991 809 1146 860 Antiochum

215 875 379 942 confugerat,
398 875 493 926 bellum
507 889 563 924 cum
579 890 609 925 eo
623 874 714 926 moliri.
742 883 908 941 temptaverat
922 885 1008 928 autem
1020 879 1145 930 Hannibal

214 960 262 1010 per
270 945 414 995 Aristonem
423 944 534 1010 Tyrium,
545 945 601 994 sine
609 944 697 994 litteris
709 943 887 1011 Carthaginem
895 947 1011 1013 missum,
1022 948 1057 998 ad
1065 949 1145 1000 rebel-

213 1013 320 1066 landum
327 1015 427 1065 Poenos
440 1013 575 1064 concitare.

247 1127 270 1186 1.
298 1127 380 1190 Inter
401 1128 552 1191 bellorum
573 1143 752 1204 magnorum
773 1135 824 1189 aut
844 1127 969 1190 vixdum
990 1129 1143 1192 finitorum

161 1219 215 1274 ant
235 1211 453 1275 imminentium
475 1228 565 1275 curas
585 1209 760 1274 intercessit
778 1228 829 1273 res
851 1228 947 1288 parva
967 1213 1065 1287 dictu,
1087 1217 1143 1274 sed

162 1313 244 1373 quae
264 1295 375 1359 studiis
389 1297 420 1357 in
434 1313 579 1372 magnum
598 1303 752 1358 conamen
767 1297 945 1358 excesserit.
966 1296 1007 1356 M.
1022 1296 1143 1358 Funda-

160 1381 233 1442 nius
256 1389 286 1442 et
298 1382 332 1444 L.
347 1381 492 1442 Valerius
512 1381 624 1442 tribuni
645 1378 746 1457 plebei
767 1382 807 1440 od
822 1381 943 1456 plebem
957 1383 1091 1441 tulerunt
1105 1382 1144 1442 de

161 1463 262 1542 Oppia
283 1467 351 1542 lage
371 1465 559 1541 abroganda.
595 1467 705 1528 tulerat
726 1479 792 1524 eam
815 1465 845 1526 c.
862 1463 981 1541 Oppius
1002 1466 1143 1527 tribunus

159 1549 262 1625 plebis
274 1548 308 1624 Q.
318 1547 414 1610 Fabio
425 1549 468 1610 Ti.
482 1549 664 1627 Sempronio
677 1549 866 1625 consulibus,
876 1549 907 1608 in
919 1549 1020 1610 medio
1033 1550 1143 1610 ardore

159 1631 267 1694 'Punici
283 1633 363 1706 belli,
387 1649 427 1697 ne
443 1650 504 1710 qua
516 1635 625 1697 mulier
639 1635 710 1710 plus
725 1633 913 1694 semunciam
928 1633 993 1694 auri
1006 1633 1144 1708 haberet,

159 1734 224 1779 neu
240 1718 420 1780 vestimento
439 1717 621 1781 versicolori
635 1725 785 1792 uteretur,
806 1734 867 1778 neu
881 1716 983 1780 iuncto
999 1715 1141 1779 vehictdo

156 1799 192 1862 in
217 1803 294 1863 urba
318 1802 475 1878 oppidove
500 1809 553 1864 aut
577 1801 706 1879 propius
731 1802 803 1862 inde
822 1803 903 1864 mille
927 1818 1056 1878 passus,
1083 1800 1141 1862 nisi

159 1902 319 1948 sacrorum
344 1887 538 1962 publicorum
559 1903 669 1960 causa,
694 1885 865 1946 veheretur.
900 1885 941 1946 Μ.
963 1893 994 1947 et
1013 1885 1044 1944 P.
1065 1886 1141 1960 lunii

156 1969 246 2032 Bruti
259 1970 485 2046 tribuniplebis
500 1973 600 2047 tegern
616 1971 746 2047 Oppiam
760 1970 930 2044 tuebantur,
951 1985 1009 2030 nec
1023 1985 1089 2029 eam
1105 1985 1142 2030 se
1235 2033 1237 2038 ,

158 2055 302 2132 abrogari
313 2071 463 2131 passuros
476 2055 614 2127 aiebant,
630 2055 670 2116 ad
681 2053 873 2115 suadendum
885 2053 1141 2116 dissuadendum·

159 2155 222 2216 que
243 2141 328 2202 multi
348 2139 468 2202 nobiles
484 2140 663 2218 proditura
687 2137 868 2216 Capitolium
882 2138 971 2200 turba
984 2137 1142 2201 homiuum

157 2225 327 2286 lavantium
348 2225 640 2302 adversantiumque
660 2225 720 2299 legi
738 2223 964 2300 complebatur,
985 2229 1141 2284 matronae

156 2310 243 2370 nulla
257 2325 316 2370 nec
331 2307 509 2372 auctoritate
524 2325 582 2370 nec
596 2309 783 2370 verecundia
794 2324 852 2369 neo
863 2308 992 2385 imperio
1005 2307 1141 2369 virorum

157 2393 309 2456 contineri
328 2393 431 2454 limine
451 2401 609 2470 poterant;
632 2393 731 2456 omnis
749 2393 817 2453 vias
831 2393 917 2453 urbis
932 2393 1095 2467 aditusque
1108 2392 1140 2450 in

157 2479 259 2539 forum
280 2477 477 2552 obsidebant,
500 2478 584 2538 viros
604 2477 821 2538 descendentis
837 2477 877 2536 ad
891 2477 990 2535 lorum
1006 2482 1140 2549 orantes,

156 2569 191 2622 ut
204 2560 335 2626 florente
353 2578 388 2622 re
407 2561 546 2638 publica,
567 2567 726 2622 crescente
745 2559 776 2620 in
791 2559 858 2620 dics
872 2559 992 2634 privata
1007 2557 1141 2618 omnium

157 2647 296 2721 iortuna,
317 2647 466 2708 matronis
482 2661 608 2723 quoque
623 2645 784 2722 pristinum
799 2649 938 2704 ornatum
952 2641 1040 2701 reddi
1055 2649 1139 2716 pate·

155 2737 272 2792 rentur.
291 2731 460 2806 augebatur
472 2731 550 2791 haec
565 2729 737 2807 frequentia
750 2727 910 2788 mulierum
924 2726 956 2786 in
971 2726 1054 2786 dies:
1069 2742 1141 2786 narn

157 2816 248 2876 etiam
270 2831 310 2874 ex
331 2815 454 2892 oppidis
476 2815 750 2890 conciliabulisque
770 2811 1003 2874 conveniebant.
1035 2811 1096 2872 iam
1110 2819 1141 2874 et

157 2900 303 2961 consides
318 2907 541 2976 praetoresque
553 2899 673 2960 et'alios
684 2899 880 2974 magistratus
892 2895 978 2958 adiro
990 2903 1020 2959 et
1029 2909 1140 2973 rogare

157 2983 328 3046 audebant:
361 2991 495 3045 ceterum
520 2982 643 3044 minine
669 2983 857 3056 exorabilem
881 2982 1009 3044 alterum
1032 2982 1140 3058 utique

157 3071 317 3130 consulent
339 3069 380 3130 Μ.
399 3068 539 3131 Porcium
562 3069 706 3130 Catonem
726 3068 895 3142 habebant,
922 3067 974 3142 qui
993 3067 1140 3142 prolege

156 3169 238 3228 quac
253 3154 458 3230 abrogabatur
471 3154 513 3216 ita
528 3153 682 3216 disseruit.
704 3154 740 3214 ll.
764 3152 811 3229 „si
826 3151 856 3212 in
872 3167 930 3212 sua
941 3151 1073 3225 quisque
1084 3165 1138 3209 no·

155 3245 255 3300 strum
269 3247 366 3300 matre
381 3238 520 3314 familiae,
533 3237 674 3313 Quirites,
690 3237 739 3300 ius
754 3245 785 3300 ct
798 3234 989 3298 maiestatem
1002 3233 1059 3293 viri
1069 3232 1139 3294 reti-

155 3339 230 3383 nera
255 3323 452 3397 instituisset,
481 3323 582 3384 minus
608 3339 677 3384 curn
701 3319 855 3384 universis
880 3317 1001 3378 reminis
1026 3315 1139 3392 negotii

154 3407 356 3469 haberemusr
384 3423 466 3470 nunc
487 3407 569 3470 dorni
591 3407 670 3468 victa
690 3408 814 3468 libertas
835 3410 942 3464 nostra
961 3401 1141 3478 impotentia

155 3491 296 3554 muliebri
310 3491 361 3553 lric
376 3508 502 3569 qnoque
517 3492 546 3552 in
562 3493 629 3554 loro
646 3489 793 3552 obteritur
807 3495 836 3549 et
851 3487 1000 3562 calcatur,
1023 3492 1054 3548 et
1068 3485 1141 3563 quia
