2482 3902
259 180 374 253 LIBER
387 191 520 254 xxxiv.
546 191 926 277 comtempserat]
1025 198 1086 266 1⁵5

105 342 394 424 superquehabcm
423 346 480 406 sed
495 362 557 422 quo
572 347 679 423 pluras
695 363 813 423 sumus,
836 349 975 424 pluribus
990 352 1084 416 rebus

104 429 269 504 egebimus.
302 429 376 490 nihil
395 429 455 490 iam
477 437 599 506 praetor
616 430 732 492 nudum
747 433 848 494 solum
863 448 938 508 ager
951 433 1085 499 hostium

102 511 199 574 babet.
226 513 269 573 ad
291 512 352 574 hoc
372 513 470 576 hiems
489 515 617 576 accedet
637 516 678 575 ad
693 517 950 592 comportandum
964 535 1004 580 ex
1017 522 1085 582 lou-

102 597 214 674 ginquo
230 596 396 659 difficilis.“
415 597 492 658 haec
506 599 603 674 oratio
620 599 751 676 primum
765 601 885 663 animos
896 603 1032 666 omnium
1043 605 1085 668 ad

101 681 294 756 respicienda
314 681 426 758 cuique
444 683 613 744 domestica
634 685 715 744 male
728 685 892 758 convertit,
913 688 1082 762 segnitiam,

101 764 244 826 invidiam
259 771 290 826 et
304 766 556 828 obtrectationem
571 766 655 828 domi
666 769 852 830 manentium
865 770 1017 834 adversus
1028 772 1082 833 rni-

100 848 224 924 lltantis,
247 849 417 910 libertatem
432 851 586 912 difficilem
601 851 642 912 ad
656 868 859 929 consensum,
875 853 1011 932 inopiam
1024 873 1082 933 pu-

100 931 214 1008 blicam,
230 933 449 1008 malignitatem
464 935 643 996 conterendi
656 951 696 996 ex
711 937 839 1012 privato.
864 939 962 1000 versls
977 941 1081 1016 itaque

101 1017 197 1078 subito
212 1018 432 1094 voluntatibus,
448 1019 562 1080 laceret
577 1018 662 1096 quod
677 1035 695 1080 e
708 1037 743 1080 rc
757 1021 882 1096 publica
896 1024 1004 1100 populi
1018 1025 1080 1088 Ro·
1179 1085 1184 1095 ,

100 1101 176 1162 mani
191 1103 411 1180 sociorumque
424 1118 496 1166 ossa
511 1102 658 1178 crederet
673 1103 851 1180 imperatori
865 1108 1080 1181 permiserunt.

99 1184 212 1250 XXXV.
235 1187 311 1249 inde
327 1187 500 1264 Quinctius
522 1186 667 1248 adhibitis
681 1189 790 1263 legatis
805 1195 921 1250 tantum
935 1189 1080 1253 tribunis·

101 1285 156 1346 que
169 1271 308 1346 militum,
325 1271 533 1346 condiciones,
549 1271 580 1330 in
593 1287 671 1348 quas
682 1288 746 1348 pax
759 1288 828 1334 cum
839 1280 971 1351 tyranno
984 1275 1079 1350 llerct,

99 1353 151 1414 has
172 1357 374 1432 conscripsit,
396 1371 453 1418 sex
474 1356 625 1416 mensium
645 1356 782 1418 indutiae
803 1363 838 1418 ut
851 1365 957 1418 essent
969 1358 1079 1420 Nabidi

98 1437 304 1518 Romanisque
317 1447 349 1502 et
360 1440 487 1502 Eumeni
500 1440 565 1516 regi
580 1447 610 1502 et
622 1439 767 1502 Rhodiis:
789 1441 908 1516 legatos
922 1443 1078 1520 externplo

99 1524 242 1586 mitterent
252 1525 384 1586 Romam
398 1526 430 1584 T.
447 1523 604 1599 Quinctius
619 1532 650 1586 et
661 1524 765 1600 Nabis,
780 1533 814 1587 ut
826 1541 890 1602 pax
901 1527 1079 1589 auctoritate

100 1615 217 1670 senatus
242 1609 490 1671 confirmaretur.
521 1624 561 1668 ex
582 1625 644 1686 qua
658 1607 708 1670 die
729 1611 863 1686 scriptae
878 1611 1077 1672 condiciones

100 1692 177 1766 pacis
198 1693 302 1754 editae
316 1692 423 1754 Nabidi
444 1693 558 1766 forent,
580 1709 617 1754 ca
632 1693 698 1754 dics
719 1701 753 1756 ut
765 1695 949 1758 indutiarum
964 1695 1077 1775 princi·

98 1774 174 1850 pium
189 1783 292 1847 esset,
315 1784 346 1838 ct
359 1782 392 1837 ut
406 1791 446 1836 ex
461 1792 498 1836 ea
512 1776 562 1836 dio
576 1778 655 1838 intra
669 1777 820 1840 decimum
836 1780 915 1840 diem
932 1779 971 1839 ab
982 1781 1077 1856 Argis

99 1861 267 1938 ceterisque
282 1860 415 1938 oppidis,
432 1860 557 1936 quaein
571 1861 755 1935 Argivorum
769 1878 844 1937 agro
860 1872 973 1935 essent,
988 1879 1076 1940 prae·

100 1943 171 2004 sidia
190 1945 296 2006 omnia
316 1945 541 2006 deducerentur
555 1959 716 2021 vacuaque
731 1953 761 2006 et
774 1945 871 2006 libera
884 1948 1077 2008 traderentur

99 2027 248 2106 Romanis,
267 2037 298 2090 et
311 2045 351 2090 ne
366 2029 451 2105 quod
465 2029 538 2090 inde
551 2029 737 2104 mancipium
750 2030 869 2104 regimn
883 2031 1077 2106 publicumve

100 2118 145 2172 aut
157 2114 310 2190 privatum
330 2114 529 2175 educeretur:
557 2114 584 2174 si
600 2131 663 2190 qua
677 2120 747 2174 ante
761 2113 873 2176 educta
886 2115 1000 2190 forent,
1022 2115 1076 2176 do·

99 2197 180 2258 minis
194 2204 282 2260 recte
295 2196 538 2276 restituerentur.
561 2214 666 2271 naves,
684 2213 761 2274 quas
777 2199 950 2260 civitatibus
964 2199 1077 2260 mariti-

99 2281 150 2342 mis
163 2282 347 2358 ademisset,
366 2282 525 2355 redderet,
547 2298 625 2344 neve
640 2281 709 2358 ipse
723 2299 834 2344 navem
847 2283 940 2344 ullam
954 2289 1077 2360 praeter

100 2363 171 2427 duos
183 2365 316 2442 lembos,
333 2367 463 2443 quinon
477 2369 548 2442 plus
563 2383 656 2442 quam
670 2366 829 2426 sexdecim
841 2367 934 2428 remis
948 2381 1076 2442 ageren-

98 2453 154 2523 tur,
175 2451 311 2513 haberet.
340 2451 487 2526 perfugas
503 2457 533 2511 et
547 2444 686 2526 captivos
700 2450 842 2510 omnibus
857 2449 952 2511 sociis
966 2451 1076 2526 populi

98 2531 220 2596 domani
231 2535 406 2597 civitatibus
414 2534 567 2606 redderet,
580 2531 780 2596 etlllesseniis
790 2531 892 2594 omnia
900 2549 980 2611 quae
992 2549 1074 2594 oom-

98 2625 245 2699 parerent,
261 2634 405 2696 quaeque
421 2617 536 2680 domini
552 2624 748 2694 cognossent.
773 2616 932 2678 exsulibus
948 2633 1075 2694 quoque

98 2700 343 2766 Lacedaemoniis
362 2703 477 2764 liberos
500 2701 649 2777 coniuges
662 2701 852 2775 restitueret,
875 2717 955 2777 quae
969 2716 1075 2762 earnm

98 2785 176 2848 viros
189 2789 280 2864 sequi
293 2787 474 2862 voluissent,
489 2786 584 2847 invita
597 2801 637 2846 ne
652 2803 714 2862 qua
728 2785 844 2846 exsulis
861 2800 965 2848 comes
980 2794 1074 2848 esset.

98 2872 371 2934 mercennariorum
384 2871 511 2932 militum
523 2871 650 2932 Nabidis
667 2869 719 2947 qui
734 2875 787 2933 aut
801 2869 832 2930 in
845 2869 984 2934 civitates
999 2887 1074 2934 suas

99 2961 145 3014 aut
158 2956 198 3016 ad
206 2957 365 3017 Romanos
379 2956 572 3031 transissent,
587 2952 625 3016 iis
639 2970 690 3016 res
703 2970 779 3016 suae
791 2971 898 3017 omnes
909 2963 993 3018 recte
1004 2957 1073 3018 red·

99 3035 245 3108 derantur.
277 3041 413 3102 increta
432 3040 533 3104 insula
547 3055 586 3100 ne
602 3039 694 3116 quam
707 3040 815 3100 urbem
830 3040 971 3102 haberat:
995 3056 1074 3118 quas

98 3117 264 3200 habuisset,
284 3125 428 3202 redderet
440 3125 596 3194 Romanis.
630 3139 670 3184 ne
691 3140 783 3202 quam
803 3125 982 3186 societatem
1003 3140 1073 3184 cum

99 3204 156 3266 ullo
171 3207 357 3272 cretensium
373 3215 426 3270 aut
440 3225 597 3286 quoquam
612 3209 671 3270 allo
687 3209 867 3282 institueret,
882 3223 944 3268 neu
957 3208 1073 3268 bellura

99 3296 219 3360 gereret.
250 3293 423 3356 civilatibus
447 3294 602 3367 omnibus,
631 3307 774 3370 quasque
798 3293 867 3367 ipse
888 3289 1073 3352 restituisset

101 3387 234 3451 quaeque
253 3393 289 3440 se
309 3393 430 3456 suaque
450 3379 480 3438 in
496 3377 586 3440 fidem
603 3392 639 3438 ac
654 3375 806 3449 dicionem
820 3375 928 3450 populi
941 3375 1073 3436 Romani

100 3457 298 3539 tradidissent,
316 3463 419 3524 omnia
434 3461 589 3538 praesidia
601 3461 775 3534 deduceret,
791 3473 889 3534 seque
901 3458 970 3536 ipse
981 3475 1073 3520 suos-
