2482 3900
307 125 537 203 elsuaxxxt.
559 142 642 203 car.
658 149 758 206 neo.
778 143 932 224 [acceo]
1058 91 1104 216 fl

120 313 184 374 que
198 295 314 358 nosris
328 297 409 356 bene
420 311 457 356 ac
471 295 599 356 feliciter
611 295 756 368 eveniret,
772 297 852 358 laeta
862 296 965 358 omnia
975 311 1104 373 prospe-

119 397 219 458 raque
233 380 449 456 portendere.“

191 461 288 524 vill.
308 463 358 523 Ab
378 461 437 523 hac
457 463 595 524 oratione
615 464 645 522 in
667 463 847 538 suffragium
865 463 968 537 missi,
990 463 1035 526 uti
1054 482 1104 528 ro-

118 557 217 625 garet,
233 547 346 608 bellum
360 547 524 608 iusserunt.
560 547 744 623 supplicatio
757 547 830 612 inde
844 563 863 606 a
878 547 1059 610 consulibus
1073 550 1105 610 in

120 633 255 695 triduum
265 645 305 690 ex
314 638 442 692 senatus
454 631 595 694 consulto
606 629 720 692 indicta
731 638 786 706 est,
796 631 1011 708 obsecratique
1023 634 1106 694 circa

119 716 226 778 omnia
240 715 411 790 pulvinaria
426 712 476 790 dii,
491 722 526 776 ut
540 715 625 790 quod
641 715 754 776 bellum
770 729 839 775 cum
850 714 992 792 Philippo
1004 733 1104 793 popu·

120 803 170 861 lus
193 799 352 870 iussisset,
373 799 406 858 id
426 798 506 858 bene
527 814 564 858 ac
584 799 711 860 feliciter
732 798 876 860 eveniret.
910 801 1105 878 consultique

119 884 241 944 latiales
255 883 294 942 ab
309 885 438 942 consule
452 881 600 958 Sulpicio,
615 881 727 942 bellum
744 881 828 958 quod
840 883 1025 945 indiceretur
1039 886 1104 959 regi

120 967 278 1042 Phiiippo,
303 975 404 1027 atrurn
431 967 490 1042 ipsi
510 967 616 1042 utique
636 967 767 1027 nuntiari
788 967 942 1042 iuberent,
966 985 1006 1030 an
1027 970 1104 1030 sutis

121 1059 209 1112 esset
229 1050 259 1110 in
280 1051 393 1110 linibus
414 1051 500 1126 regni
521 1051 606 1126 quod
622 1051 794 1125 proximum
809 1052 995 1124 praesidium
1011 1060 1104 1128 esset,

119 1151 159 1196 eo
182 1135 328 1209 nuntiari,
349 1135 468 1196 fetiales
490 1135 707 1208 decreverunt,
730 1141 828 1194 utrum
848 1150 954 1195 eorum
968 1135 1104 1211 lecisset,

123 1226 205 1278 recte
225 1221 384 1279 iacturum.
416 1219 535 1279 consuli
551 1218 722 1293 apatribus
744 1217 942 1292 permissum,
965 1228 1104 1295 utquam

124 1302 277 1363 videretur
299 1317 339 1362 ex
351 1303 405 1378 iis,
425 1303 478 1378 qui
493 1311 580 1362 extra
594 1303 734 1362 senatum
749 1308 869 1376 essent,
891 1304 1025 1376 legatum
1037 1303 1105 1364 rnit·

54 1383 62 1388 ’
119 1393 198 1446 teret
212 1386 253 1446 ad
266 1386 379 1462 bellurn
394 1387 460 1461 regi
474 1386 680 1447 indicendum.
702 1393 764 1446 turn
781 1387 819 1445 de
834 1387 1019 1448 exercitibus
1032 1403 1105 1448 oon-

118 1473 224 1530 sulum
238 1479 479 1548 praetorumque
490 1477 599 1531 actum.
623 1472 767 1532 consules
780 1471 867 1530 binas
879 1471 1017 1546 legiones
1029 1471 1105 1531 scri·

116 1555 196 1615 bere
207 1555 293 1630 iussi,
300 1563 422 1616 veteres
435 1555 585 1616 dimittere
596 1554 760 1615 exereitus.
778 1553 924 1630 Sulpicio,
934 1556 1105 1616 cuinovum

115 1655 159 1699 ac
174 1639 275 1714 magni
297 1637 428 1700 nominis
449 1639 561 1698 bellum
583 1639 737 1700 decretum
754 1646 833 1714 erat,
854 1639 1054 1715 permissum,
1072 1647 1106 1700 ut

117 1723 161 1782 de
176 1724 322 1798 exercitu,
338 1734 432 1798 quern
442 1721 473 1782 P.
486 1721 590 1797 Scipio
606 1739 645 1782 ex
656 1723 762 1782 Africa
774 1723 978 1798 deportasset,
996 1727 1105 1785 volun-

117 1808 215 1867 tarios
231 1821 312 1882 quos
327 1814 436 1884 posset
451 1806 591 1866 duceret=
614 1807 738 1866 invitum
752 1823 792 1866 ne
809 1823 900 1882 quem
914 1808 1037 1867 militem
1054 1825 1104 1867 ve-

116 1899 216 1952 terem
232 1891 366 1952 duoendi
379 1891 428 1952 ius
444 1897 537 1952 esset.
559 1891 753 1966 praetoribus
768 1892 800 1950 L.
816 1893 907 1952 Furio
922 1891 1105 1967 Purpurioni

114 1979 151 2034 et
171 1974 205 2048 Q.
225 1974 361 2036 Minucio
383 1975 464 2036 Ruio
490 1975 584 2050 quina
608 1975 690 2034 milia
715 1975 833 2035 socium
854 1976 952 2035 Latini
973 1976 1105 2035 nominis

114 2060 267 2118 consules
279 2059 395 2132 darent,
407 2059 518 2134 quibus
530 2059 694 2134 praesidiis
707 2061 782 2118 alter
791 2057 926 2134 Galliam,
936 2059 1104 2119 allerBrut·

114 2144 180 2204 tios
196 2143 387 2218 provinciam
403 2143 561 2202 obtineret.
582 2141 843 2215 promuscide
859 2143 928 2218 ipse
943 2143 1049 2204 iussus
1065 2159 1105 2203 ex

113 2237 157 2286 eo
174 2229 321 2299 exercitu,
338 2243 429 2302 quem
443 2225 474 2284 P.
490 2227 596 2287 Aelius
612 2228 720 2287 consul
736 2227 903 2302 habuisset,
925 2227 1106 2302 utquisque

113 2311 244 2370 minime
269 2312 363 2372 multa
388 2311 544 2386 stipendia
566 2311 693 2371 haberet
717 2312 834 2387 legere,
861 2311 961 2372 donec
987 2313 1106 2386 etipse

113 2397 260 2470 quinque
287 2395 370 2455 milia
395 2397 512 2455 socium
538 2411 575 2455 uo
597 2395 729 2456 nominis
749 2395 848 2456 Latini
870 2395 1044 2454 effecisset:
1074 2395 1104 2454 id

114 2477 279 2556 praesidio
303 2479 424 2540 Siciliae
444 2479 622 2554 provinciae
644 2486 737 2538 esset.
771 2479 812 2537 Μ.
833 2478 957 2537 Valerio
978 2476 1106 2552 Faltoni,

114 2565 170 2639 qui
188 2569 312 2638 praetor
327 2563 430 2638 priore
445 2581 525 2623 anno
539 2563 735 2636 Campaniam
747 2561 936 2635 provinciam
948 2561 1105 2634 habuerat,

114 2655 321 2722 prorogatum
346 2648 376 2706 in
397 2663 510 2707 annum
535 2646 697 2720 imperium
719 2652 780 2716 est,
807 2643 851 2704 uti
872 2651 1054 2718 propraetor
1075 2644 1105 2702 in

114 2729 294 2792 Sardiniam
307 2732 458 2792 traiceret.
492 2731 519 2790 is
535 2745 660 2806 quoque
675 2731 713 2788 de
729 2729 873 2803 exercitu,
890 2729 942 2804 qui
956 2727 998 2789 ibi
1013 2735 1105 2803 esset,

116 2815 259 2890 quinque
280 2815 361 2874 milia
383 2815 501 2876 socium
515 2815 646 2876 nominis
661 2814 773 2887 Latini,
796 2815 847 2889 qui
863 2829 967 2875 eorum
983 2814 1105 2872 minime

117 2899 215 2958 multa
237 2898 389 2973 stipendia
410 2899 572 2972 haberent,
594 2901 718 2973 legeret.
752 2905 781 2957 et
797 2899 941 2958 consules
962 2899 1040 2958 duas
1054 2915 1105 2958 ur·

116 2981 218 3041 banos
234 2983 371 3056 legiones
387 2983 524 3042 seribere
538 2983 631 3056 iussi,
655 2999 748 3058 quae,
765 2983 791 3042 si
807 2999 868 3057 quo
883 2997 934 3043 res
951 2988 1103 3057 posceret,

117 3066 222 3124 multis
243 3066 379 3125 initalia
400 3067 547 3127 contactis
573 3067 716 3140 gentibus
736 3066 841 3126 Punici
866 3067 937 3129 belli
958 3067 1105 3127 societate

117 3147 229 3224 iraque
244 3149 315 3209 inde
331 3149 530 3224 tumentibus,
553 3151 749 3210 mitterentur.
787 3162 843 3210 sex
858 3151 1028 3226 legionibus
1044 3149 1104 3207 Ro-

118 3233 218 3292 manis
234 3249 272 3293 eo
289 3251 369 3293 anno
385 3249 481 3294 usura
495 3249 545 3294 res
562 3233 684 3308 publica
698 3225 772 3293 erat.

205 3317 256 3375 IX.
278 3317 402 3392 inipso
425 3325 575 3393 apparatu
595 3318 666 3378 belli
687 3317 778 3392 legati
799 3335 817 3377 a
836 3331 910 3391 rege
929 3315 1104 3376 Ptolemaeo

122 3407 279 3476 venerunt,
296 3401 348 3477 qui
363 3403 537 3462 nuntiarent
550 3401 755 3461 Athenienses
771 3402 921 3460 adversus
932 3397 1106 3476 Philippum
