<?xml version="1.0" encoding="UTF-8"?>
<!DOCTYPE html PUBLIC "-//W3C//DTD XHTML 1.0 Transitional//EN"
    "http://www.w3.org/TR/xhtml1/DTD/xhtml1-transitional.dtd">
<html xmlns="http://www.w3.org/1999/xhtml" xml:lang="en" lang="en">
 <head>
  <title>
</title>
<meta http-equiv="Content-Type" content="text/html;charset=utf-8" />
  <meta name='ocr-system' content='tesseract 3.04.00' />
  <meta name='ocr-capabilities' content='ocr_page ocr_carea ocr_par ocr_line ocrx_word'/>
</head>
<body>
  <div class='ocr_page' id='page_1' title='image "./titiliviaburbec08livygoog_0140.png"; bbox 0 0 2482 3902; ppageno 0'>
   <div class='ocr_carea' id='block_1_1' title="bbox 188 233 1047 307">
    <p class='ocr_par' dir='ltr' id='par_1_1' title="bbox 188 233 1047 307">
     <span class='ocr_line' id='line_1_1' title="bbox 188 233 1047 307; baseline 0.005 -13"><span class='ocrx_word' id='word_1_1' title='bbox 188 235 305 295; x_wconf 83' lang='lat' dir='ltr'>LIBER</span> <span class='ocrx_word' id='word_1_2' title='bbox 319 234 451 294; x_wconf 86' lang='lat' dir='ltr'><strong>XXXHI.</strong></span> <span class='ocrx_word' id='word_1_3' title='bbox 475 233 558 292; x_wconf 82' lang='lat' dir='ltr'><strong>CAP.</strong></span> <span class='ocrx_word' id='word_1_4' title='bbox 573 241 617 294; x_wconf 79' lang='lat'>32.</span> <span class='ocrx_word' id='word_1_5' title='bbox 632 240 675 295; x_wconf 80' lang='lat'>33.</span> <span class='ocrx_word' id='word_1_6' title='bbox 691 241 734 295; x_wconf 79' lang='lat' dir='ltr'>at.</span> <span class='ocrx_word' id='word_1_7' title='bbox 759 239 794 307; x_wconf 82' lang='lat' dir='ltr'>[a.</span> <span class='ocrx_word' id='word_1_8' title='bbox 811 239 844 291; x_wconf 86' lang='lat' dir='ltr'>C.</span> <span class='ocrx_word' id='word_1_9' title='bbox 859 238 921 306; x_wconf 79' lang='lat'><strong>196]</strong></span> <span class='ocrx_word' id='word_1_10' title='bbox 986 233 1047 298; x_wconf 92' lang='grc'>111</span> 
     </span>
    </p>
   </div>
   <div class='ocr_carea' id='block_1_2' title="bbox 49 386 1049 3592">
    <p class='ocr_par' dir='ltr' id='par_1_2' title="bbox 52 386 1049 2909">
     <span class='ocr_line' id='line_1_2' title="bbox 64 386 1048 467; baseline 0 -15"><span class='ocrx_word' id='word_1_11' title='bbox 64 393 193 452; x_wconf 84' lang='lat' dir='ltr'>lucrant.</span> <span class='ocrx_word' id='word_1_12' title='bbox 215 387 321 450; x_wconf 89' lang='lat' dir='ltr'>audita</span> <span class='ocrx_word' id='word_1_13' title='bbox 336 403 412 448; x_wconf 90' lang='lat' dir='ltr'>voce</span> <span class='ocrx_word' id='word_1_14' title='bbox 422 386 586 463; x_wconf 77' lang='lat' dir='ltr'>praecunte</span> <span class='ocrx_word' id='word_1_15' title='bbox 601 387 700 450; x_wconf 89' lang='lat' dir='ltr'>mains</span> <span class='ocrx_word' id='word_1_16' title='bbox 715 387 860 464; x_wconf 81' lang='lat' dir='ltr'>gaudium</span> <span class='ocrx_word' id='word_1_17' title='bbox 875 389 939 465; x_wconf 88' lang='lat' dir='ltr'>luit,</span> <span class='ocrx_word' id='word_1_18' title='bbox 956 408 1048 467; x_wconf 87' lang='lat' dir='ltr'>quam</span> 
     </span>
     <span class='ocr_line' id='line_1_3' title="bbox 63 470 1047 552; baseline 0 -16"><span class='ocrx_word' id='word_1_19' title='bbox 63 474 149 552; x_wconf 92' lang='lat' dir='ltr'>quod</span> <span class='ocrx_word' id='word_1_20' title='bbox 162 473 343 534; x_wconf 88' lang='lat' dir='ltr'>universum</span> <span class='ocrx_word' id='word_1_21' title='bbox 359 470 501 533; x_wconf 90' lang='lat' dir='ltr'>homines</span> <span class='ocrx_word' id='word_1_22' title='bbox 522 470 708 547; x_wconf 81' lang='lat' dir='ltr'>acciperent.</span> <span class='ocrx_word' id='word_1_23' title='bbox 750 472 804 532; x_wconf 87' lang='lat' dir='ltr'>vix</span> <span class='ocrx_word' id='word_1_24' title='bbox 826 472 901 535; x_wconf 91' lang='lat' dir='ltr'>satis</span> <span class='ocrx_word' id='word_1_25' title='bbox 919 475 1047 536; x_wconf 90' lang='lat' dir='ltr'>eredere</span> 
     </span>
     <span class='ocr_line' id='line_1_4' title="bbox 62 555 1049 634; baseline 0 -14"><span class='ocrx_word' id='word_1_26' title='bbox 62 576 97 620; x_wconf 90' lang='lat' dir='ltr'>se</span> <span class='ocrx_word' id='word_1_27' title='bbox 113 556 248 634; x_wconf 90' lang='lat' dir='ltr'>quisque</span> <span class='ocrx_word' id='word_1_28' title='bbox 262 555 405 631; x_wconf 88' lang='lat' dir='ltr'>audisse,</span> <span class='ocrx_word' id='word_1_29' title='bbox 427 555 524 617; x_wconf 91' lang='lat' dir='ltr'>etalii</span> <span class='ocrx_word' id='word_1_30' title='bbox 539 555 617 617; x_wconf 90' lang='lat' dir='ltr'>alios</span> <span class='ocrx_word' id='word_1_31' title='bbox 628 555 755 631; x_wconf 91' lang='lat' dir='ltr'>intueri,</span> <span class='ocrx_word' id='word_1_32' title='bbox 776 555 949 619; x_wconf 81' lang='lat' dir='ltr'>mirabundi</span> <span class='ocrx_word' id='word_1_33' title='bbox 962 561 1049 620; x_wconf 89' lang='lat' dir='ltr'>velut</span> 
     </span>
     <span class='ocr_line' id='line_1_5' title="bbox 58 639 1047 718; baseline 0.001 -15"><span class='ocrx_word' id='word_1_34' title='bbox 58 643 98 703; x_wconf 85' lang='lat' dir='ltr'>ad</span> <span class='ocrx_word' id='word_1_35' title='bbox 115 641 229 704; x_wconf 89' lang='lat' dir='ltr'>so&#39;mnii</span> <span class='ocrx_word' id='word_1_36' title='bbox 244 657 354 701; x_wconf 89' lang='lat' dir='ltr'>vanam</span> <span class='ocrx_word' id='word_1_37' title='bbox 370 639 522 716; x_wconf 77' lang='lat' dir='ltr'>spamam:</span> <span class='ocrx_word' id='word_1_38' title='bbox 539 641 624 716; x_wconf 92' lang='lat' dir='ltr'>quod</span> <span class='ocrx_word' id='word_1_39' title='bbox 638 641 679 701; x_wconf 90' lang='lat' dir='ltr'>ad</span> <span class='ocrx_word' id='word_1_40' title='bbox 695 657 849 718; x_wconf 83' lang='lat' dir='ltr'>quemque</span> <span class='ocrx_word' id='word_1_41' title='bbox 864 641 1047 718; x_wconf 73' lang='lat' dir='ltr'>pertinebat,</span> 
     </span>
     <span class='ocr_line' id='line_1_6' title="bbox 60 722 1047 802; baseline 0 -14"><span class='ocrx_word' id='word_1_42' title='bbox 60 741 189 788; x_wconf 89' lang='lat' dir='ltr'>suarum</span> <span class='ocrx_word' id='word_1_43' title='bbox 204 723 323 786; x_wconf 90' lang='lat' dir='ltr'>aurium</span> <span class='ocrx_word' id='word_1_44' title='bbox 334 723 407 785; x_wconf 87' lang='lat' dir='ltr'>fidei</span> <span class='ocrx_word' id='word_1_45' title='bbox 422 722 579 786; x_wconf 91' lang='lat' dir='ltr'>minimum</span> <span class='ocrx_word' id='word_1_46' title='bbox 591 725 763 798; x_wconf 86' lang='lat' dir='ltr'>credentes,</span> <span class='ocrx_word' id='word_1_47' title='bbox 780 725 940 802; x_wconf 91' lang='lat' dir='ltr'>proximos</span> <span class='ocrx_word' id='word_1_48' title='bbox 955 727 1047 788; x_wconf 85' lang='lat' dir='ltr'>Inter·</span> 
     </span>
     <span class='ocr_line' id='line_1_7' title="bbox 58 807 1048 888; baseline 0.003 -18"><span class='ocrx_word' id='word_1_49' title='bbox 58 811 223 888; x_wconf 75' lang='lat' dir='ltr'>rogabant.</span> <span class='ocrx_word' id='word_1_50' title='bbox 238 817 404 870; x_wconf 89' lang='lat' dir='ltr'>revocatus</span> <span class='ocrx_word' id='word_1_51' title='bbox 415 825 540 885; x_wconf 89' lang='lat' dir='ltr'>praeco,</span> <span class='ocrx_word' id='word_1_52' title='bbox 554 825 623 870; x_wconf 91' lang='lat' dir='ltr'>cum</span> <span class='ocrx_word' id='word_1_53' title='bbox 634 807 853 886; x_wconf 91' lang='lat' dir='ltr'>unusquisque</span> <span class='ocrx_word' id='word_1_54' title='bbox 864 827 928 872; x_wconf 92' lang='lat' dir='ltr'>non</span> <span class='ocrx_word' id='word_1_55' title='bbox 939 810 1048 874; x_wconf 89' lang='lat' dir='ltr'>audire</span> 
     </span>
     <span class='ocr_line' id='line_1_8' title="bbox 58 890 1047 970; baseline -0.001 -14"><span class='ocrx_word' id='word_1_56' title='bbox 58 895 154 956; x_wconf 89' lang='lat' dir='ltr'>modo</span> <span class='ocrx_word' id='word_1_57' title='bbox 178 895 235 955; x_wconf 90' lang='lat' dir='ltr'>sed</span> <span class='ocrx_word' id='word_1_58' title='bbox 257 894 361 954; x_wconf 89' lang='lat' dir='ltr'>videre</span> <span class='ocrx_word' id='word_1_59' title='bbox 381 890 529 954; x_wconf 70' lang='lat' dir='ltr'>libertatis</span> <span class='ocrx_word' id='word_1_60' title='bbox 551 909 626 954; x_wconf 88' lang='lat' dir='ltr'>suae</span> <span class='ocrx_word' id='word_1_61' title='bbox 640 894 778 955; x_wconf 90' lang='lat' dir='ltr'>nuntium</span> <span class='ocrx_word' id='word_1_62' title='bbox 792 902 913 970; x_wconf 88' lang='lat' dir='ltr'>averet,</span> <span class='ocrx_word' id='word_1_63' title='bbox 938 893 1047 958; x_wconf 89' lang='lat' dir='ltr'>iterum</span> 
     </span>
     <span class='ocr_line' id='line_1_9' title="bbox 58 976 1047 1055; baseline 0.002 -17"><span class='ocrx_word' id='word_1_64' title='bbox 58 977 271 1055; x_wconf 89' lang='lat' dir='ltr'>pronuntiavit</span> <span class='ocrx_word' id='word_1_65' title='bbox 285 979 402 1038; x_wconf 89' lang='lat' dir='ltr'>eadem.</span> <span class='ocrx_word' id='word_1_66' title='bbox 424 985 488 1037; x_wconf 91' lang='lat' dir='ltr'>tum</span> <span class='ocrx_word' id='word_1_67' title='bbox 502 978 540 1039; x_wconf 92' lang='lat' dir='ltr'>ab</span> <span class='ocrx_word' id='word_1_68' title='bbox 556 986 639 1040; x_wconf 90' lang='lat' dir='ltr'>certo</span> <span class='ocrx_word' id='word_1_69' title='bbox 655 976 715 1038; x_wconf 88' lang='lat' dir='ltr'>iam</span> <span class='ocrx_word' id='word_1_70' title='bbox 729 978 843 1054; x_wconf 83' lang='lat' dir='ltr'>gaudio</span> <span class='ocrx_word' id='word_1_71' title='bbox 859 987 962 1042; x_wconf 89' lang='lat' dir='ltr'>tantus</span> <span class='ocrx_word' id='word_1_72' title='bbox 977 996 1047 1040; x_wconf 91' lang='lat' dir='ltr'>eum</span> 
     </span>
     <span class='ocr_line' id='line_1_10' title="bbox 59 1061 1047 1138; baseline 0 -14"><span class='ocrx_word' id='word_1_73' title='bbox 59 1065 196 1124; x_wconf 89' lang='lat' dir='ltr'>clamore</span> <span class='ocrx_word' id='word_1_74' title='bbox 211 1063 341 1138; x_wconf 81' lang='lat' dir='ltr'><strong>plausus</strong></span> <span class='ocrx_word' id='word_1_75' title='bbox 357 1067 405 1122; x_wconf 89' lang='lat' dir='ltr'>est</span> <span class='ocrx_word' id='word_1_76' title='bbox 420 1068 505 1122; x_wconf 91' lang='lat' dir='ltr'>ortus</span> <span class='ocrx_word' id='word_1_77' title='bbox 520 1061 696 1137; x_wconf 85' lang='lat' dir='ltr'>totiensque</span> <span class='ocrx_word' id='word_1_78' title='bbox 716 1061 881 1138; x_wconf 90' lang='lat' dir='ltr'>repetitus,</span> <span class='ocrx_word' id='word_1_79' title='bbox 902 1073 937 1124; x_wconf 87' lang='lat' dir='ltr'>ut</span> <span class='ocrx_word' id='word_1_80' title='bbox 957 1063 1047 1124; x_wconf 90' lang='lat' dir='ltr'>lacile</span> 
     </span>
     <span class='ocr_line' id='line_1_11' title="bbox 58 1143 1046 1224; baseline -0.002 -16"><span class='ocrx_word' id='word_1_81' title='bbox 58 1153 227 1224; x_wconf 79' lang='lat' dir='ltr'>appareret</span> <span class='ocrx_word' id='word_1_82' title='bbox 240 1145 315 1208; x_wconf 93' lang='lat' dir='ltr'>nihil</span> <span class='ocrx_word' id='word_1_83' title='bbox 327 1147 460 1206; x_wconf 90' lang='lat' dir='ltr'>omnium</span> <span class='ocrx_word' id='word_1_84' title='bbox 472 1146 622 1207; x_wconf 91' lang='lat' dir='ltr'>bonorum</span> <span class='ocrx_word' id='word_1_85' title='bbox 633 1143 816 1208; x_wconf 87' lang='lat' dir='ltr'>multitudini</span> <span class='ocrx_word' id='word_1_86' title='bbox 826 1145 942 1222; x_wconf 77' lang='lat' dir='ltr'>gratius</span> <span class='ocrx_word' id='word_1_87' title='bbox 955 1164 1046 1223; x_wconf 91' lang='lat' dir='ltr'>quarn</span> 
     </span>
     <span class='ocr_line' id='line_1_12' title="bbox 58 1228 1041 1306; baseline 0.001 -15"><span class='ocrx_word' id='word_1_88' title='bbox 58 1233 231 1292; x_wconf 86' lang='lat' dir='ltr'>libertatem</span> <span class='ocrx_word' id='word_1_89' title='bbox 247 1245 328 1292; x_wconf 88' lang='lat' dir='ltr'>esse.</span> <span class='ocrx_word' id='word_1_90' title='bbox 351 1229 501 1291; x_wconf 90' lang='lat' dir='ltr'>ludicrum</span> <span class='ocrx_word' id='word_1_91' title='bbox 513 1231 625 1291; x_wconf 91' lang='lat' dir='ltr'>deinde</span> <span class='ocrx_word' id='word_1_92' title='bbox 638 1231 679 1292; x_wconf 90' lang='lat' dir='ltr'>ita</span> <span class='ocrx_word' id='word_1_93' title='bbox 690 1228 802 1306; x_wconf 89' lang='lat' dir='ltr'>raptim</span> <span class='ocrx_word' id='word_1_94' title='bbox 812 1239 973 1306; x_wconf 89' lang='lat' dir='ltr'>peractum</span> <span class='ocrx_word' id='word_1_95' title='bbox 988 1239 1041 1305; x_wconf 77' lang='lat' dir='ltr'>est,</span> 
     </span>
     <span class='ocr_line' id='line_1_13' title="bbox 57 1311 1044 1391; baseline -0.01 -13"><span class='ocrx_word' id='word_1_96' title='bbox 57 1324 90 1378; x_wconf 90' lang='lat' dir='ltr'>ut</span> <span class='ocrx_word' id='word_1_97' title='bbox 104 1316 223 1377; x_wconf 89' lang='lat' dir='ltr'>nullius</span> <span class='ocrx_word' id='word_1_98' title='bbox 243 1331 301 1376; x_wconf 89' lang='lat' dir='ltr'>nec</span> <span class='ocrx_word' id='word_1_99' title='bbox 322 1313 415 1375; x_wconf 90' lang='lat' dir='ltr'>animi</span> <span class='ocrx_word' id='word_1_100' title='bbox 436 1331 494 1376; x_wconf 89' lang='lat' dir='ltr'>nec</span> <span class='ocrx_word' id='word_1_101' title='bbox 511 1314 591 1376; x_wconf 93' lang='lat' dir='ltr'>oculi</span> <span class='ocrx_word' id='word_1_102' title='bbox 606 1316 786 1391; x_wconf 89' lang='lat' dir='ltr'>spectaculo</span> <span class='ocrx_word' id='word_1_103' title='bbox 801 1311 908 1376; x_wconf 89' lang='lat' dir='ltr'>intenti</span> <span class='ocrx_word' id='word_1_104' title='bbox 924 1322 1044 1376; x_wconf 84' lang='lat' dir='ltr'>essent=</span> 
     </span>
     <span class='ocr_line' id='line_1_14' title="bbox 58 1398 1044 1476; baseline 0 -16"><span class='ocrx_word' id='word_1_105' title='bbox 58 1402 137 1462; x_wconf 87' lang='lat' dir='ltr'>adeo</span> <span class='ocrx_word' id='word_1_106' title='bbox 164 1417 261 1462; x_wconf 90' lang='lat' dir='ltr'>uuum</span> <span class='ocrx_word' id='word_1_107' title='bbox 286 1399 431 1475; x_wconf 77' lang='lat' dir='ltr'>gaudium</span> <span class='ocrx_word' id='word_1_108' title='bbox 452 1407 739 1476; x_wconf 78' lang='lat' dir='ltr'>praeoccupaverat</span> <span class='ocrx_word' id='word_1_109' title='bbox 760 1398 896 1460; x_wconf 90' lang='lat' dir='ltr'>omnium</span> <span class='ocrx_word' id='word_1_110' title='bbox 917 1399 1044 1460; x_wconf 88' lang='lat' dir='ltr'>allarum</span> 
     </span>
     <span class='ocr_line' id='line_1_15' title="bbox 58 1481 1045 1560; baseline 0.004 -14"><span class='ocrx_word' id='word_1_111' title='bbox 58 1503 190 1547; x_wconf 88' lang='lat' dir='ltr'>sensum</span> <span class='ocrx_word' id='word_1_112' title='bbox 203 1483 416 1560; x_wconf 86' lang='lat' dir='ltr'>voluptatium.</span> <span class='ocrx_word' id='word_1_113' title='bbox 456 1483 589 1544; x_wconf 91' lang='lat' dir='ltr'><strong>XXXIII.</strong></span> <span class='ocrx_word' id='word_1_114' title='bbox 611 1481 692 1544; x_wconf 93' lang='lat' dir='ltr'>ludis</span> <span class='ocrx_word' id='word_1_115' title='bbox 707 1499 783 1544; x_wconf 89' lang='lat' dir='ltr'>vcro</span> <span class='ocrx_word' id='word_1_116' title='bbox 799 1482 936 1546; x_wconf 90' lang='lat' dir='ltr'>dimissis</span> <span class='ocrx_word' id='word_1_117' title='bbox 952 1499 1045 1550; x_wconf 83' lang='lat' dir='ltr'>cursu</span> 
     </span>
     <span class='ocr_line' id='line_1_16' title="bbox 58 1566 1045 1647; baseline -0.002 -17"><span class='ocrx_word' id='word_1_118' title='bbox 58 1587 158 1647; x_wconf 89' lang='lat' dir='ltr'>prope</span> <span class='ocrx_word' id='word_1_119' title='bbox 173 1585 281 1631; x_wconf 87' lang='lat' dir='ltr'>omnes</span> <span class='ocrx_word' id='word_1_120' title='bbox 292 1570 418 1630; x_wconf 90' lang='lat' dir='ltr'>tendere</span> <span class='ocrx_word' id='word_1_121' title='bbox 430 1568 470 1628; x_wconf 89' lang='lat' dir='ltr'>ad</span> <span class='ocrx_word' id='word_1_122' title='bbox 480 1566 695 1643; x_wconf 86' lang='lat' dir='ltr'>imperatorem</span> <span class='ocrx_word' id='word_1_123' title='bbox 701 1569 882 1641; x_wconf 86' lang='lat' dir='ltr'>Romanum,</span> <span class='ocrx_word' id='word_1_124' title='bbox 896 1576 929 1630; x_wconf 94' lang='lat' dir='ltr'>ut</span> <span class='ocrx_word' id='word_1_125' title='bbox 936 1576 1045 1630; x_wconf 87' lang='lat' dir='ltr'>ruente</span> 
     </span>
     <span class='ocr_line' id='line_1_17' title="bbox 57 1650 1044 1729; baseline -0.003 -13"><span class='ocrx_word' id='word_1_126' title='bbox 57 1656 147 1716; x_wconf 90' lang='lat' dir='ltr'>turba</span> <span class='ocrx_word' id='word_1_127' title='bbox 162 1653 195 1714; x_wconf 91' lang='lat' dir='ltr'>in</span> <span class='ocrx_word' id='word_1_128' title='bbox 210 1671 303 1714; x_wconf 90' lang='lat' dir='ltr'>unum</span> <span class='ocrx_word' id='word_1_129' title='bbox 318 1651 412 1726; x_wconf 90' lang='lat' dir='ltr'>adire,</span> <span class='ocrx_word' id='word_1_130' title='bbox 429 1650 607 1727; x_wconf 83' lang='lat' dir='ltr'>contingere</span> <span class='ocrx_word' id='word_1_131' title='bbox 622 1653 761 1714; x_wconf 88' lang='lat' dir='ltr'>dextram</span> <span class='ocrx_word' id='word_1_132' title='bbox 777 1651 975 1729; x_wconf 89' lang='lat' dir='ltr'>cupientium,</span> <span class='ocrx_word' id='word_1_133' title='bbox 993 1669 1044 1713; x_wconf 91' lang='lat' dir='ltr'>co·</span> 
     </span>
     <span class='ocr_line' id='line_1_18' title="bbox 56 1733 1045 1813; baseline -0.001 -14"><span class='ocrx_word' id='word_1_134' title='bbox 56 1755 152 1801; x_wconf 89' lang='lat' dir='ltr'>renas</span> <span class='ocrx_word' id='word_1_135' title='bbox 183 1738 411 1812; x_wconf 87' lang='lat' dir='ltr'>lemniscosque</span> <span class='ocrx_word' id='word_1_136' title='bbox 439 1733 630 1810; x_wconf 90' lang='lat' dir='ltr'>iacientium,</span> <span class='ocrx_word' id='word_1_137' title='bbox 658 1736 742 1798; x_wconf 89' lang='lat' dir='ltr'>haud</span> <span class='ocrx_word' id='word_1_138' title='bbox 766 1738 877 1812; x_wconf 91' lang='lat' dir='ltr'>procul</span> <span class='ocrx_word' id='word_1_139' title='bbox 905 1735 1045 1813; x_wconf 90' lang='lat' dir='ltr'>periculo</span> 
     </span>
     <span class='ocr_line' id='line_1_19' title="bbox 58 1819 1044 1896; baseline -0.003 -13"><span class='ocrx_word' id='word_1_140' title='bbox 58 1825 160 1885; x_wconf 85' lang='lat' dir='ltr'>luerit</span> <span class='ocrx_word' id='word_1_141' title='bbox 204 1823 261 1884; x_wconf 92' lang='lat' dir='ltr'>sed</span> <span class='ocrx_word' id='word_1_142' title='bbox 276 1829 341 1882; x_wconf 88' lang='lat' dir='ltr'>erat</span> <span class='ocrx_word' id='word_1_143' title='bbox 355 1819 445 1881; x_wconf 91' lang='lat' dir='ltr'>trium</span> <span class='ocrx_word' id='word_1_144' title='bbox 461 1821 556 1881; x_wconf 88' lang='lat' dir='ltr'>lerme</span> <span class='ocrx_word' id='word_1_145' title='bbox 571 1828 602 1881; x_wconf 91' lang='lat' dir='ltr'>et</span> <span class='ocrx_word' id='word_1_146' title='bbox 612 1821 734 1896; x_wconf 79' lang='lat' dir='ltr'>ulginta</span> <span class='ocrx_word' id='word_1_147' title='bbox 747 1837 913 1892; x_wconf 78' lang='lat' dir='ltr'>annorum3</span> <span class='ocrx_word' id='word_1_148' title='bbox 930 1828 961 1882; x_wconf 86' lang='lat' dir='ltr'>et</span> <span class='ocrx_word' id='word_1_149' title='bbox 975 1837 1044 1882; x_wconf 90' lang='lat' dir='ltr'>eum</span> 
     </span>
     <span class='ocr_line' id='line_1_20' title="bbox 57 1903 1044 1981; baseline 0 -14"><span class='ocrx_word' id='word_1_150' title='bbox 57 1910 153 1969; x_wconf 90' lang='lat' dir='ltr'>robur</span> <span class='ocrx_word' id='word_1_151' title='bbox 170 1905 322 1980; x_wconf 89' lang='lat' dir='ltr'>iuventae,</span> <span class='ocrx_word' id='word_1_152' title='bbox 337 1914 400 1966; x_wconf 90' lang='lat' dir='ltr'>tum</span> <span class='ocrx_word' id='word_1_153' title='bbox 415 1903 561 1981; x_wconf 84' lang='lat' dir='ltr'>gaudium</span> <span class='ocrx_word' id='word_1_154' title='bbox 577 1921 614 1964; x_wconf 90' lang='lat' dir='ltr'>ex</span> <span class='ocrx_word' id='word_1_155' title='bbox 632 1911 691 1966; x_wconf 88' lang='lat' dir='ltr'>tar&#39;n</span> <span class='ocrx_word' id='word_1_156' title='bbox 705 1904 817 1980; x_wconf 84' lang='lat' dir='ltr'>insigni</span> <span class='ocrx_word' id='word_1_157' title='bbox 829 1905 927 1981; x_wconf 84' lang='lat' dir='ltr'>gloria</span> <span class='ocrx_word' id='word_1_158' title='bbox 939 1913 969 1966; x_wconf 92' lang='lat' dir='ltr'>et</span> <span class='ocrx_word' id='word_1_159' title='bbox 983 1907 1044 1967; x_wconf 88' lang='lat' dir='ltr'>lru·</span> 
     </span>
     <span class='ocr_line' id='line_1_21' title="bbox 58 1987 1045 2066; baseline -0.003 -13"><span class='ocrx_word' id='word_1_160' title='bbox 58 2002 124 2056; x_wconf 90' lang='lat' dir='ltr'>ctus</span> <span class='ocrx_word' id='word_1_161' title='bbox 140 1991 227 2054; x_wconf 89' lang='lat' dir='ltr'>vires</span> <span class='ocrx_word' id='word_1_162' title='bbox 240 1987 466 2066; x_wconf 87' lang='lat' dir='ltr'>suppeditabat.</span> <span class='ocrx_word' id='word_1_163' title='bbox 489 2005 547 2051; x_wconf 90' lang='lat' dir='ltr'>nce</span> <span class='ocrx_word' id='word_1_164' title='bbox 560 2005 709 2064; x_wconf 90' lang='lat' dir='ltr'>praesens</span> <span class='ocrx_word' id='word_1_165' title='bbox 722 1990 932 2050; x_wconf 87' lang='lat' dir='ltr'>tantummodo</span> <span class='ocrx_word' id='word_1_166' title='bbox 944 1989 1045 2050; x_wconf 85' lang='lat' dir='ltr'>effusa</span> 
     </span>
     <span class='ocr_line' id='line_1_22' title="bbox 57 2071 1045 2151; baseline -0.005 -12"><span class='ocrx_word' id='word_1_167' title='bbox 57 2086 104 2138; x_wconf 90' lang='lat' dir='ltr'>est</span> <span class='ocrx_word' id='word_1_168' title='bbox 117 2075 245 2149; x_wconf 86' lang='lat' dir='ltr'>laetitia,</span> <span class='ocrx_word' id='word_1_169' title='bbox 262 2075 319 2136; x_wconf 90' lang='lat' dir='ltr'>scd</span> <span class='ocrx_word' id='word_1_170' title='bbox 333 2090 392 2151; x_wconf 91' lang='lat' dir='ltr'>per</span> <span class='ocrx_word' id='word_1_171' title='bbox 404 2076 517 2135; x_wconf 88' lang='lat' dir='ltr'>multos</span> <span class='ocrx_word' id='word_1_172' title='bbox 534 2071 601 2134; x_wconf 91' lang='lat' dir='ltr'>dies</span> <span class='ocrx_word' id='word_1_173' title='bbox 616 2073 711 2150; x_wconf 76' lang='lat' dir='ltr'>gratis</span> <span class='ocrx_word' id='word_1_174' title='bbox 724 2081 754 2134; x_wconf 87' lang='lat' dir='ltr'>et</span> <span class='ocrx_word' id='word_1_175' title='bbox 765 2071 1002 2150; x_wconf 79' lang='lat' dir='ltr'>cogitationibus</span> <span class='ocrx_word' id='word_1_176' title='bbox 1015 2081 1045 2134; x_wconf 89' lang='lat' dir='ltr'>et</span> 
     </span>
     <span class='ocr_line' id='line_1_23' title="bbox 57 2157 1044 2234; baseline -0.006 -12"><span class='ocrx_word' id='word_1_177' title='bbox 57 2159 257 2223; x_wconf 89' lang='lat' dir='ltr'>sermonibus</span> <span class='ocrx_word' id='word_1_178' title='bbox 267 2167 432 2220; x_wconf 86' lang='lat' dir='ltr'>renovata:</span> <span class='ocrx_word' id='word_1_179' title='bbox 448 2175 521 2220; x_wconf 91' lang='lat' dir='ltr'>esse</span> <span class='ocrx_word' id='word_1_180' title='bbox 532 2159 665 2234; x_wconf 89' lang='lat' dir='ltr'>aliquam</span> <span class='ocrx_word' id='word_1_181' title='bbox 677 2157 707 2218; x_wconf 90' lang='lat' dir='ltr'>in</span> <span class='ocrx_word' id='word_1_182' title='bbox 719 2158 808 2220; x_wconf 91' lang='lat' dir='ltr'>terris</span> <span class='ocrx_word' id='word_1_183' title='bbox 820 2164 951 2234; x_wconf 83' lang='lat' dir='ltr'>gentem,</span> <span class='ocrx_word' id='word_1_184' title='bbox 964 2171 1044 2232; x_wconf 91' lang='lat' dir='ltr'>quae</span> 
     </span>
     <span class='ocr_line' id='line_1_24' title="bbox 57 2237 1042 2320; baseline -0.005 -15"><span class='ocrx_word' id='word_1_185' title='bbox 57 2263 113 2306; x_wconf 87' lang='lat' dir='ltr'>sua</span> <span class='ocrx_word' id='word_1_186' title='bbox 127 2247 282 2320; x_wconf 82' lang='lat' dir='ltr'>impensa,</span> <span class='ocrx_word' id='word_1_187' title='bbox 299 2259 356 2304; x_wconf 92' lang='lat' dir='ltr'>suo</span> <span class='ocrx_word' id='word_1_188' title='bbox 369 2243 475 2304; x_wconf 89' lang='lat' dir='ltr'>labore</span> <span class='ocrx_word' id='word_1_189' title='bbox 490 2259 526 2304; x_wconf 88' lang='lat' dir='ltr'>ac</span> <span class='ocrx_word' id='word_1_190' title='bbox 539 2242 676 2318; x_wconf 92' lang='lat' dir='ltr'>periculo</span> <span class='ocrx_word' id='word_1_191' title='bbox 691 2243 772 2303; x_wconf 89' lang='lat' dir='ltr'>bella</span> <span class='ocrx_word' id='word_1_192' title='bbox 786 2249 873 2318; x_wconf 77' lang='lat' dir='ltr'>gerat</span> <span class='ocrx_word' id='word_1_193' title='bbox 882 2257 940 2318; x_wconf 91' lang='lat' dir='ltr'>pro</span> <span class='ocrx_word' id='word_1_194' title='bbox 953 2237 1042 2303; x_wconf 90' lang='lat' dir='ltr'>liber·</span> 
     </span>
     <span class='ocr_line' id='line_1_25' title="bbox 58 2323 1043 2402; baseline -0.004 -12"><span class='ocrx_word' id='word_1_195' title='bbox 58 2337 116 2391; x_wconf 89' lang='lat' dir='ltr'>tate</span> <span class='ocrx_word' id='word_1_196' title='bbox 132 2329 281 2399; x_wconf 88' lang='lat' dir='ltr'>aliorum;</span> <span class='ocrx_word' id='word_1_197' title='bbox 304 2343 362 2390; x_wconf 91' lang='lat' dir='ltr'>nec</span> <span class='ocrx_word' id='word_1_198' title='bbox 377 2328 438 2389; x_wconf 91' lang='lat' dir='ltr'>hoc</span> <span class='ocrx_word' id='word_1_199' title='bbox 452 2327 587 2388; x_wconf 87' lang='lat' dir='ltr'>finitimis</span> <span class='ocrx_word' id='word_1_200' title='bbox 603 2335 654 2388; x_wconf 90' lang='lat' dir='ltr'>aut</span> <span class='ocrx_word' id='word_1_201' title='bbox 668 2325 864 2402; x_wconf 89' lang='lat' dir='ltr'>propinquae</span> <span class='ocrx_word' id='word_1_202' title='bbox 877 2323 1043 2388; x_wconf 86' lang='lat' dir='ltr'>vlcinitatis</span> 
     </span>
     <span class='ocr_line' id='line_1_26' title="bbox 54 2411 1043 2487; baseline -0.004 -14"><span class='ocrx_word' id='word_1_203' title='bbox 54 2411 235 2475; x_wconf 90' lang='lat' dir='ltr'>hominibus</span> <span class='ocrx_word' id='word_1_204' title='bbox 251 2419 304 2474; x_wconf 91' lang='lat' dir='ltr'>aut</span> <span class='ocrx_word' id='word_1_205' title='bbox 317 2411 407 2474; x_wconf 89' lang='lat' dir='ltr'>terris</span> <span class='ocrx_word' id='word_1_206' title='bbox 423 2411 590 2474; x_wconf 90' lang='lat' dir='ltr'>continenti</span> <span class='ocrx_word' id='word_1_207' title='bbox 605 2411 716 2472; x_wconf 90' lang='lat' dir='ltr'>iunctis</span> <span class='ocrx_word' id='word_1_208' title='bbox 732 2417 885 2487; x_wconf 70' lang='lat' dir='ltr'>praestem</span> <span class='ocrx_word' id='word_1_209' title='bbox 907 2411 965 2470; x_wconf 91' lang='lat' dir='ltr'>sed</span> <span class='ocrx_word' id='word_1_210' title='bbox 980 2426 1043 2470; x_wconf 90' lang='lat' dir='ltr'>ma-</span> 
     </span>
     <span class='ocr_line' id='line_1_27' title="bbox 53 2491 1043 2572; baseline -0.004 -14"><span class='ocrx_word' id='word_1_211' title='bbox 53 2497 100 2559; x_wconf 89' lang='lat' dir='ltr'>ria</span> <span class='ocrx_word' id='word_1_212' title='bbox 121 2495 260 2570; x_wconf 85' lang='lat' dir='ltr'>traiciat,</span> <span class='ocrx_word' id='word_1_213' title='bbox 282 2514 322 2558; x_wconf 93' lang='lat' dir='ltr'>ne</span> <span class='ocrx_word' id='word_1_214' title='bbox 344 2497 429 2572; x_wconf 91' lang='lat' dir='ltr'>quod</span> <span class='ocrx_word' id='word_1_215' title='bbox 448 2503 511 2559; x_wconf 90' lang='lat' dir='ltr'>toto</span> <span class='ocrx_word' id='word_1_216' title='bbox 533 2497 607 2558; x_wconf 94' lang='lat' dir='ltr'>orbe</span> <span class='ocrx_word' id='word_1_217' title='bbox 623 2503 771 2556; x_wconf 89' lang='lat' dir='ltr'>terrarum</span> <span class='ocrx_word' id='word_1_218' title='bbox 786 2494 933 2554; x_wconf 90' lang='lat' dir='ltr'>iniustum</span> <span class='ocrx_word' id='word_1_219' title='bbox 947 2491 1043 2568; x_wconf 91' lang='lat' dir='ltr'>impe·</span> 
     </span>
     <span class='ocr_line' id='line_1_28' title="bbox 53 2575 1043 2658; baseline -0.006 -17"><span class='ocrx_word' id='word_1_220' title='bbox 53 2583 135 2644; x_wconf 88' lang='lat' dir='ltr'>rium</span> <span class='ocrx_word' id='word_1_221' title='bbox 151 2583 206 2654; x_wconf 87' lang='lat' dir='ltr'>sit,</span> <span class='ocrx_word' id='word_1_222' title='bbox 223 2580 340 2658; x_wconf 90' lang='lat' dir='ltr'>ubique</span> <span class='ocrx_word' id='word_1_223' title='bbox 354 2581 403 2642; x_wconf 91' lang='lat' dir='ltr'>ius</span> <span class='ocrx_word' id='word_1_224' title='bbox 420 2581 466 2642; x_wconf 89' lang='lat' dir='ltr'>las</span> <span class='ocrx_word' id='word_1_225' title='bbox 482 2581 533 2642; x_wconf 89' lang='lat' dir='ltr'>lex</span> <span class='ocrx_word' id='word_1_226' title='bbox 547 2579 763 2656; x_wconf 86' lang='lat' dir='ltr'>potentissima</span> <span class='ocrx_word' id='word_1_227' title='bbox 778 2575 848 2638; x_wconf 75' lang='lat' dir='ltr'>sint·</span> <span class='ocrx_word' id='word_1_228' title='bbox 888 2592 951 2636; x_wconf 93' lang='lat' dir='ltr'>una</span> <span class='ocrx_word' id='word_1_229' title='bbox 964 2591 1043 2636; x_wconf 85' lang='lat' dir='ltr'>voce</span> 
     </span>
     <span class='ocr_line' id='line_1_29' title="bbox 55 2659 1042 2743; baseline -0.011 -15"><span class='ocrx_word' id='word_1_230' title='bbox 55 2667 225 2743; x_wconf 88' lang='lat' dir='ltr'>praeconis</span> <span class='ocrx_word' id='word_1_231' title='bbox 252 2664 396 2726; x_wconf 89' lang='lat' dir='ltr'>liberatas</span> <span class='ocrx_word' id='word_1_232' title='bbox 419 2663 519 2726; x_wconf 91' lang='lat' dir='ltr'>omnis</span> <span class='ocrx_word' id='word_1_233' title='bbox 540 2663 687 2724; x_wconf 87' lang='lat' dir='ltr'>Graeciae</span> <span class='ocrx_word' id='word_1_234' title='bbox 708 2669 803 2737; x_wconf 90' lang='lat' dir='ltr'>atque</span> <span class='ocrx_word' id='word_1_235' title='bbox 822 2659 918 2722; x_wconf 80' lang='lat' dir='ltr'>Asiae</span> <span class='ocrx_word' id='word_1_236' title='bbox 939 2661 1042 2720; x_wconf 90' lang='lat' dir='ltr'>urbes.</span> 
     </span>
     <span class='ocr_line' id='line_1_30' title="bbox 52 2743 1042 2826; baseline -0.007 -15"><span class='ocrx_word' id='word_1_237' title='bbox 52 2753 115 2813; x_wconf 91' lang='lat' dir='ltr'>hoe</span> <span class='ocrx_word' id='word_1_238' title='bbox 131 2768 192 2826; x_wconf 88' lang='lat' dir='ltr'>spe</span> <span class='ocrx_word' id='word_1_239' title='bbox 209 2749 375 2826; x_wconf 86' lang='lat' dir='ltr'>concipere</span> <span class='ocrx_word' id='word_1_240' title='bbox 389 2750 516 2812; x_wconf 90' lang='lat' dir='ltr'>audacis</span> <span class='ocrx_word' id='word_1_241' title='bbox 532 2746 625 2808; x_wconf 89' lang='lat' dir='ltr'>animi</span> <span class='ocrx_word' id='word_1_242' title='bbox 640 2747 753 2822; x_wconf 88' lang='lat' dir='ltr'>luisse,</span> <span class='ocrx_word' id='word_1_243' title='bbox 775 2745 816 2807; x_wconf 90' lang='lat' dir='ltr'>ad</span> <span class='ocrx_word' id='word_1_244' title='bbox 829 2743 973 2806; x_wconf 85' lang='lat' dir='ltr'>effectum</span> <span class='ocrx_word' id='word_1_245' title='bbox 988 2743 1042 2805; x_wconf 92' lang='lat' dir='ltr'>ad·</span> 
     </span>
     <span class='ocr_line' id='line_1_31' title="bbox 53 2829 710 2909; baseline -0.009 -13"><span class='ocrx_word' id='word_1_246' title='bbox 53 2838 173 2898; x_wconf 89' lang='lat' dir='ltr'>ducere</span> <span class='ocrx_word' id='word_1_247' title='bbox 188 2843 220 2897; x_wconf 94' lang='lat' dir='ltr'>et</span> <span class='ocrx_word' id='word_1_248' title='bbox 232 2833 353 2896; x_wconf 89' lang='lat' dir='ltr'>virtutis</span> <span class='ocrx_word' id='word_1_249' title='bbox 368 2843 398 2895; x_wconf 90' lang='lat' dir='ltr'>et</span> <span class='ocrx_word' id='word_1_250' title='bbox 414 2835 553 2895; x_wconf 87' lang='lat' dir='ltr'>lortunae</span> <span class='ocrx_word' id='word_1_251' title='bbox 567 2829 710 2909; x_wconf 82' lang='lat' dir='ltr'>ingentis</span> 
     </span>
    </p>

    <p class='ocr_par' dir='ltr' id='par_1_3' title="bbox 49 2913 1043 3592">
     <span class='ocr_line' id='line_1_32' title="bbox 138 2913 1043 2992; baseline -0.004 -12"><span class='ocrx_word' id='word_1_252' title='bbox 138 2919 276 2980; x_wconf 74' lang='lat' dir='ltr'><strong>XXXIV.</strong></span> <span class='ocrx_word' id='word_1_253' title='bbox 293 2919 468 2982; x_wconf 90' lang='lat' dir='ltr'>Secundum</span> <span class='ocrx_word' id='word_1_254' title='bbox 481 2916 606 2980; x_wconf 89' lang='lat' dir='ltr'>Isthmia</span> <span class='ocrx_word' id='word_1_255' title='bbox 614 2916 772 2991; x_wconf 82' lang='lat' dir='ltr'>Quinctius</span> <span class='ocrx_word' id='word_1_256' title='bbox 784 2923 815 2978; x_wconf 90' lang='lat' dir='ltr'>et</span> <span class='ocrx_word' id='word_1_257' title='bbox 828 2917 936 2977; x_wconf 89' lang='lat' dir='ltr'>decem</span> <span class='ocrx_word' id='word_1_258' title='bbox 951 2913 1043 2992; x_wconf 80' lang='lat' dir='ltr'>legali</span> 
     </span>
     <span class='ocr_line' id='line_1_33' title="bbox 52 2997 1043 3081; baseline -0.002 -19"><span class='ocrx_word' id='word_1_259' title='bbox 52 3003 230 3081; x_wconf 81' lang='lat' dir='ltr'>legationes</span> <span class='ocrx_word' id='word_1_260' title='bbox 251 3019 358 3080; x_wconf 77' lang='lat' dir='ltr'>regum</span> <span class='ocrx_word' id='word_1_261' title='bbox 380 3004 578 3080; x_wconf 82' lang='lat' dir='ltr'>gentiumque</span> <span class='ocrx_word' id='word_1_262' title='bbox 599 3002 756 3063; x_wconf 87' lang='lat' dir='ltr'>audivere.</span> <span class='ocrx_word' id='word_1_263' title='bbox 798 2999 887 3077; x_wconf 90' lang='lat' dir='ltr'>primi</span> <span class='ocrx_word' id='word_1_264' title='bbox 906 2997 1043 3063; x_wconf 92' lang='lat' dir='ltr'>omnium</span> 
     </span>
     <span class='ocr_line' id='line_1_34' title="bbox 50 3085 1041 3165; baseline -0.004 -17"><span class='ocrx_word' id='word_1_265' title='bbox 50 3089 139 3165; x_wconf 81' lang='lat' dir='ltr'>regis</span> <span class='ocrx_word' id='word_1_266' title='bbox 149 3088 295 3149; x_wconf 87' lang='lat' dir='ltr'>Antiochi</span> <span class='ocrx_word' id='word_1_267' title='bbox 306 3088 409 3148; x_wconf 89' lang='lat' dir='ltr'>vocati</span> <span class='ocrx_word' id='word_1_268' title='bbox 424 3087 516 3162; x_wconf 80' lang='lat' dir='ltr'>legati</span> <span class='ocrx_word' id='word_1_269' title='bbox 532 3094 612 3148; x_wconf 91' lang='lat' dir='ltr'>sunt.</span> <span class='ocrx_word' id='word_1_270' title='bbox 634 3085 672 3146; x_wconf 93' lang='lat' dir='ltr'>iis</span> <span class='ocrx_word' id='word_1_271' title='bbox 684 3087 793 3148; x_wconf 90' lang='lat' dir='ltr'>eadem</span> <span class='ocrx_word' id='word_1_272' title='bbox 806 3086 879 3161; x_wconf 88' lang='lat' dir='ltr'>lere,</span> <span class='ocrx_word' id='word_1_273' title='bbox 893 3085 1041 3162; x_wconf 83' lang='lat' dir='ltr'>qua&#39;eRo-</span> 
     </span>
     <span class='ocr_line' id='line_1_35' title="bbox 49 3167 1040 3248; baseline -0.007 -16"><span class='ocrx_word' id='word_1_274' title='bbox 49 3189 122 3234; x_wconf 88' lang='lat' dir='ltr'>mae</span> <span class='ocrx_word' id='word_1_275' title='bbox 139 3179 282 3248; x_wconf 82' lang='lat' dir='ltr'>egerant,</span> <span class='ocrx_word' id='word_1_276' title='bbox 305 3171 400 3232; x_wconf 89' lang='lat' dir='ltr'>verba</span> <span class='ocrx_word' id='word_1_277' title='bbox 420 3172 487 3233; x_wconf 87' lang='lat' dir='ltr'>sine</span> <span class='ocrx_word' id='word_1_278' title='bbox 502 3171 563 3232; x_wconf 89' lang='lat' dir='ltr'>fide</span> <span class='ocrx_word' id='word_1_279' title='bbox 578 3187 681 3232; x_wconf 91' lang='lat' dir='ltr'>rerum</span> <span class='ocrx_word' id='word_1_280' title='bbox 695 3169 879 3232; x_wconf 90' lang='lat' dir='ltr'>iactantibus</span> <span class='ocrx_word' id='word_1_281' title='bbox 891 3167 966 3229; x_wconf 92' lang='lat' dir='ltr'>nihil</span> <span class='ocrx_word' id='word_1_282' title='bbox 981 3169 1040 3226; x_wconf 89' lang='lat' dir='ltr'>iam</span> 
     </span>
     <span class='ocr_line' id='line_1_36' title="bbox 51 3252 1039 3332; baseline -0.01 -14"><span class='ocrx_word' id='word_1_283' title='bbox 51 3258 206 3332; x_wconf 89' lang='lat' dir='ltr'>perplexe</span> <span class='ocrx_word' id='word_1_284' title='bbox 218 3264 254 3319; x_wconf 93' lang='lat' dir='ltr'>ut</span> <span class='ocrx_word' id='word_1_285' title='bbox 268 3264 348 3330; x_wconf 88' lang='lat' dir='ltr'>ante,</span> <span class='ocrx_word' id='word_1_286' title='bbox 365 3273 435 3317; x_wconf 91' lang='lat' dir='ltr'>cum</span> <span class='ocrx_word' id='word_1_287' title='bbox 447 3255 557 3317; x_wconf 90' lang='lat' dir='ltr'>dubiae</span> <span class='ocrx_word' id='word_1_288' title='bbox 569 3272 619 3318; x_wconf 88' lang='lat' dir='ltr'>res</span> <span class='ocrx_word' id='word_1_289' title='bbox 631 3252 777 3318; x_wconf 91' lang='lat' dir='ltr'>incolumi</span> <span class='ocrx_word' id='word_1_290' title='bbox 790 3253 932 3328; x_wconf 84' lang='lat' dir='ltr'>Philippo</span> <span class='ocrx_word' id='word_1_291' title='bbox 944 3257 1039 3322; x_wconf 89' lang='lat' dir='ltr'>erant,</span> 
     </span>
     <span class='ocr_line' id='line_1_37' title="bbox 50 3336 1041 3418; baseline -0.009 -16"><span class='ocrx_word' id='word_1_292' title='bbox 50 3342 110 3406; x_wconf 89' lang='lat' dir='ltr'>sed</span> <span class='ocrx_word' id='word_1_293' title='bbox 122 3347 232 3418; x_wconf 90' lang='lat' dir='ltr'>aperte</span> <span class='ocrx_word' id='word_1_294' title='bbox 244 3340 463 3416; x_wconf 88' lang='lat' dir='ltr'>denuntiatum,</span> <span class='ocrx_word' id='word_1_295' title='bbox 474 3347 508 3402; x_wconf 92' lang='lat' dir='ltr'>ut</span> <span class='ocrx_word' id='word_1_296' title='bbox 522 3341 688 3402; x_wconf 88' lang='lat' dir='ltr'>excederet</span> <span class='ocrx_word' id='word_1_297' title='bbox 697 3338 793 3400; x_wconf 83' lang='lat' dir='ltr'>Asiae</span> <span class='ocrx_word' id='word_1_298' title='bbox 807 3336 944 3407; x_wconf 89' lang='lat' dir='ltr'>urbibus,</span> <span class='ocrx_word' id='word_1_299' title='bbox 960 3349 1041 3408; x_wconf 89' lang='lat' dir='ltr'>quae</span> 
     </span>
     <span class='ocr_line' id='line_1_38' title="bbox 49 3416 1040 3502; baseline -0.006 -18"><span class='ocrx_word' id='word_1_300' title='bbox 49 3424 256 3501; x_wconf 86' lang='lat' dir='ltr'>Philippiaut</span> <span class='ocrx_word' id='word_1_301' title='bbox 268 3423 434 3488; x_wconf 87' lang='lat' dir='ltr'>Ptolemaei</span> <span class='ocrx_word' id='word_1_302' title='bbox 448 3441 556 3502; x_wconf 80' lang='lat' dir='ltr'>regum</span> <span class='ocrx_word' id='word_1_303' title='bbox 577 3424 724 3498; x_wconf 83' lang='lat' dir='ltr'>fulssent,</span> <span class='ocrx_word' id='word_1_304' title='bbox 745 3419 912 3482; x_wconf 89' lang='lat' dir='ltr'>abstineret</span> <span class='ocrx_word' id='word_1_305' title='bbox 934 3416 1040 3492; x_wconf 90' lang='lat' dir='ltr'>liberis</span> 
     </span>
     <span class='ocr_line' id='line_1_39' title="bbox 49 3503 1041 3592; baseline -0.007 -22"><span class='ocrx_word' id='word_1_306' title='bbox 49 3506 249 3586; x_wconf 83' lang='lat' dir='ltr'>civitatibus,</span> <span class='ocrx_word' id='word_1_307' title='bbox 272 3529 334 3576; x_wconf 90' lang='lat' dir='ltr'>neu</span> <span class='ocrx_word' id='word_1_308' title='bbox 347 3531 494 3592; x_wconf 89' lang='lat' dir='ltr'>umquam</span> <span class='ocrx_word' id='word_1_309' title='bbox 509 3516 677 3576; x_wconf 85' lang='lat' dir='ltr'>lacesseret</span> <span class='ocrx_word' id='word_1_310' title='bbox 691 3503 799 3567; x_wconf 82' lang='lat' dir='ltr'>armis:</span> <span class='ocrx_word' id='word_1_311' title='bbox 826 3511 856 3565; x_wconf 90' lang='lat' dir='ltr'>et</span> <span class='ocrx_word' id='word_1_312' title='bbox 871 3503 902 3564; x_wconf 91' lang='lat' dir='ltr'>iu</span> <span class='ocrx_word' id='word_1_313' title='bbox 917 3517 996 3581; x_wconf 91' lang='lat' dir='ltr'>pace</span> <span class='ocrx_word' id='word_1_314' title='bbox 1009 3508 1041 3564; x_wconf 90' lang='lat' dir='ltr'>et</span> 
     </span>
    </p>
   </div>
   <div class='ocr_carea' id='block_1_3' title="bbox 0 0 1246 3902">
    <p class='ocr_par' dir='ltr' id='par_1_4' title="bbox 0 0 1246 3902">
     <span class='ocr_line' id='line_1_40' title="bbox 0 0 1246 3902; baseline 0 1"><span class='ocrx_word' id='word_1_315' title='bbox 0 0 1246 3902; x_wconf 95' lang='lat' dir='ltr'> </span> 
     </span>
    </p>
   </div>
  </div>
 </body>
</html>
