2480 3904
251 179 368 244 atara
387 183 534 244 nxrrvn.
559 183 641 242 cnr.
658 191 723 246 aa.
739 189 775 256 n.
791 188 824 240 c.
839 191 901 256 roo]
1000 182 1065 262 aaa

85 333 194 408 segnia
207 333 326 394 aestiva
341 340 445 394 essent
459 340 489 392 et
501 333 603 394 Aetoli
618 351 679 394 non
695 334 884 410 impetratam
905 352 1013 411 pacem
1028 338 1066 399 ab

84 423 196 478 senatu
210 416 307 476 nihilo
316 417 416 476 minus
432 432 489 491 per
503 431 590 476 suam
602 417 826 478 cunctationem
837 417 993 492 haberent,
1011 437 1065 496 op-

85 514 227 576 pugnare
251 500 370 560 Acilius
393 499 594 577 Amphissam
619 501 730 561 statuit.
771 503 810 562 ab
833 502 983 564 Heraclea
1011 519 1067 579 per

84 583 193 644 Oetam
207 583 360 644 exercitus
376 598 413 644 eo
431 583 591 644 deductus.
620 600 688 645 cum
705 585 744 646 ad
759 587 880 646 moenia
895 593 996 646 castra
1010 604 1066 663 pc-

83 667 216 740 suisset,
238 682 300 726 non
315 681 445 739 corona,
467 666 546 728 sicut
558 668 708 742 Lamiam,
731 669 789 728 sed
804 670 951 745 operibus
967 687 1066 746 oppu-

82 765 181 825 gnare
195 749 303 809 urbem
317 756 365 810 est
379 750 515 810 adortus.
546 752 686 825 plmibus
708 751 797 812 simul
817 752 895 814 locis
916 754 996 814 aries
1012 755 1064 814 ad·

81 833 279 908 movebatur,
300 839 332 892 at
345 849 414 894 cum
431 839 626 908 quaterentur
640 835 733 906 muri,
752 835 826 895 nihil
840 837 990 898 adversus
1006 839 1067 900 tale

81 915 317 978 machinationis
333 931 431 990 genus
446 931 557 992 parare
576 923 629 978 aut
648 919 837 980 comminisci
853 920 999 996 oppidani
1015 935 1066 981 co·

81 1001 245 1062 nabantur.
274 1001 373 1060 omnis
393 1015 468 1076 spes
483 1001 514 1059 in
529 1001 621 1063 annis
637 1008 667 1061 et
686 1002 816 1062 audacia
830 1010 909 1063 erata
931 1005 1065 1080 eruptio·

82 1085 177 1144 nibus
192 1083 307 1144 crebris
323 1090 354 1143 et
368 1085 516 1144 stationes
529 1082 678 1159 hostium,
694 1092 724 1144 et
734 1099 790 1145 eos
802 1085 905 1159 ipsos,
923 1088 974 1161 qui
986 1088 1067 1148 circa

84 1183 183 1244 opera
203 1175 233 1228 et
252 1167 409 1228 machinas
431 1173 531 1239 erant,
554 1168 725 1228 turbabant
757 1169 810 1227 vl.
842 1169 945 1228 multis
964 1177 1066 1230 tamen

82 1252 162 1312 locis
178 1265 284 1311 murus
300 1251 452 1313 decussus
468 1256 548 1323 erat,
565 1266 633 1311 cum
648 1251 782 1311 adlatum
793 1257 841 1312 est
852 1267 1065 1312 successorem

82 1332 269 1410 Apolloniae
282 1335 427 1408 exposito
442 1335 593 1408 exercitu,
614 1350 672 1410 per
684 1333 811 1410 Epirum
827 1350 863 1394 ac
876 1334 1064 1396 Thessaliam

84 1418 200 1478 venire.
222 1432 291 1477 cum
307 1417 453 1478 tredecim
466 1417 588 1479 milibus
603 1417 738 1494 peditum
750 1426 781 1480 et
792 1418 965 1494 quingentis
980 1419 1066 1494 equi·

83 1503 166 1562 tibus
187 1503 296 1562 consul
317 1501 468 1561 veniebat.
500 1501 612 1562 iamin
634 1502 733 1562 sinum
747 1502 908 1563 Maliacum
923 1508 1065 1574 venerab

84 1593 116 1645 et
130 1584 310 1663 praemissis
320 1584 474 1662 Hypatam
490 1585 541 1660 qui
556 1587 677 1645 tradere
691 1585 798 1646 urbem
812 1586 964 1660 iuberent,
982 1594 1066 1661 post-

86 1685 180 1744 quam
199 1683 385 1744 responsum
406 1675 454 1728 est
477 1668 551 1729 nihil
575 1669 694 1729 nisiex
714 1670 868 1730 communi
887 1670 1066 1732 Aetolorum

86 1753 212 1812 decreto
228 1753 379 1824 facturos,
395 1767 435 1810 ne
448 1757 566 1812 teneret
580 1767 615 1812 sc
630 1753 818 1828 oppugnatio
832 1753 975 1830 Hypatae
989 1769 1066 1813 non·

86 1837 160 1896 dum
178 1835 348 1910 Amphissa
366 1841 507 1910 recepta,
533 1836 706 1908 praemisso
727 1836 820 1895 fratre
832 1836 977 1896 Africano
991 1838 1061 1896 Am·

86 1919 225 1994 phissam
250 1917 342 1980 ducit.
385 1917 444 1978 sub
469 1919 632 1978 adventum
655 1933 762 1979 eorum
789 1916 936 1992 oppidani
960 1918 1067 1978 relicta

85 2004 164 2064 urbe
177 2031 220 2044 -
234 2002 294 2062 iam
308 2001 388 2061 eninr
401 2017 514 2076 magna
527 2017 567 2061 ex
588 2009 675 2077 parta
695 2003 810 2062 nudata
826 2001 986 2061 moenibus
1002 2009 1067 2061 erat

86 2087 169 2145 —in
185 2101 303 2159 arcem,
319 2101 411 2160 quam
425 2085 691 2161 inexpugnabilem
705 2085 826 2158 habent,
842 2099 949 2144 omnes
961 2083 1067 2144 armati

88 2175 180 2246 atque
195 2170 327 2229 inermes
343 2183 537 2230 concessere.

173 2253 286 2318 consul
301 2253 341 2312 ab
356 2269 413 2313 sex
426 2253 547 2314 milibus
563 2253 627 2313 iere
642 2269 791 2328 passuum
810 2250 882 2313 inde
896 2249 1002 2327 posuit
1016 2267 1066 2311 ca·

89 2345 160 2398 stra.
183 2353 221 2398 eo
233 2337 324 2412 legati
334 2336 540 2398 Athenienses
551 2337 681 2410 primum
694 2337 734 2396 ad
743 2336 776 2396 P.
789 2335 964 2410 Scipionem
978 2351 1066 2410 prae·

88 2436 230 2496 gressum
242 2435 361 2494 agmen,
373 2420 453 2480 sicut
464 2426 533 2480 ante
544 2421 656 2480 dictum
669 2427 724 2490 cst,
734 2419 846 2478 deinde
857 2419 897 2478 ad
908 2419 1068 2478 consulem

87 2510 247 2578 venerunt,
260 2505 462 2578 deprecantes
472 2518 530 2578 pro
542 2503 671 2562 Aetolis.
692 2501 870 2561 clementius
880 2515 1069 2574 responsum

89 2589 127 2648 ab
147 2587 295 2647 Airicano
319 2587 467 2659 tulerunt,
493 2586 546 2660 qui
571 2599 696 2646 causam
722 2583 914 2658 relinquendi
938 2583 1069 2643 honeste

88 2671 220 2732 Aetolici
239 2671 311 2730 belli
332 2685 485 2744 quaerens
499 2669 605 2730 Asiam
628 2674 659 2728 et
677 2681 781 2742 regern
794 2665 978 2727 Antiochum
997 2681 1068 2741 spe·

88 2755 205 2825 stabat,
228 2756 423 2828 iusseratque
436 2752 642 2814 Athenienses
663 2767 725 2811 non
738 2750 885 2812 Romanis
901 2751 1016 2823 solum,
1037 2755 1070 2810 ut

88 2853 197 2913 pacem
219 2837 299 2898 bello
323 2837 525 2912 praeferrent,
547 2835 714 2896 sedetiam
728 2833 847 2896 Aetolis
870 2834 1069 2909 persuadere.

89 2921 230 2981 celeriter
252 2919 429 2986 auctoribus
449 2919 689 2980 Atheniensibus
714 2919 861 2994 frequens
887 2919 925 2978 ab
946 2919 1071 2996 Hypata

87 3005 200 3080 legatio
215 3006 392 3065 Aetolorum
406 3004 504 3074 venit;
534 3011 565 3064 et
583 3018 671 3079 spem
693 3003 779 3077 pacis
800 3004 845 3063 eis
863 3017 964 3062 sermo
980 3003 1071 3062 ctiam

87 3087 241 3162 Africani,
258 3089 349 3162 quem
363 3087 496 3163 priorem
513 3086 667 3162 adienmt,
685 3087 784 3161 auxit,
805 3085 1070 3146 commemorantis

88 3172 201 3231 multas
222 3179 330 3246 gentes
352 3171 551 3246 populosque
570 3170 601 3230 in
615 3168 765 3244 Hispania
785 3170 885 3244 prius,
908 3166 1019 3227 deinde
1040 3167 1071 3226 in

86 3255 196 3314 Africa
209 3255 240 3314 in
254 3254 347 3314 fidem
362 3270 450 3316 suam
465 3253 603 3314 venisse:
625 3254 655 3312 in
675 3254 817 3313 omnibus
831 3267 867 3312 se
880 3249 997 3311 maiora
1011 3249 1071 3309 cle·

88 3339 223 3398 mentiae
232 3337 491 3412 benignitatisque
504 3353 596 3412 quarn
605 3337 724 3397 virtutis
734 3335 863 3396 bellicae
876 3339 1072 3394 monumenta

88 3420 264 3497 reliquisse.
288 3421 424 3496 perlecta
433 3419 595 3482 videbatur
605 3435 665 3496 res,
679 3435 748 3480 cum
758 3415 860 3479 aditus
872 3417 981 3478 consul
991 3416 1072 3477 idem
