2480 3904
233 227 349 290 LIBER
363 230 496 294 XXXVI.
520 233 602 294 CAP.
617 243 717 300 mes.
740 239 820 315 [ae.
837 249 898 314 tor]
988 244 1050 308 aaa

70 386 139 438 ulus
150 377 516 452 indignationeaccensus
530 385 683 458 praetoria
695 403 774 448 nave
785 387 815 448 in
827 389 933 452 hostes
945 394 1049 456 tendit.
1063 389 1066 392 ’

67 463 219 522 adversus
235 477 328 536 quam
342 463 449 524 eadem
464 480 522 540 spe
536 466 625 542 duae,
642 485 722 543 quae
732 469 878 533 Punicam
891 491 983 535 unam
995 491 1048 538 na·

66 561 137 606 uem
153 544 424 621 circumvenerant,
441 563 510 608 cum
523 549 712 623 inferrentur,
730 553 887 616 demittere
900 573 1002 619 remos
1017 561 1049 620 in

68 643 179 704 aquam
193 629 232 688 ab
248 635 380 704 utroque
394 631 490 691 latere
498 634 630 708 remiges
643 635 843 700 stabiliendae
856 641 942 701 navis
953 657 1048 704 causa

65 710 170 785 iussit,
186 719 218 772 et
230 710 261 772 in
275 712 466 778 advenientis
480 715 614 778 hostium
628 735 723 780 naves
740 721 854 782 lerreas
868 737 976 786 manus
991 725 1047 786 ini·

64 810 153 868 cere,
174 795 277 856 stubi
298 811 433 870 pugnam
457 799 594 873 pedestri
613 802 741 864 similem
763 805 922 881 iecissent,
943 807 1047 870 memi-

64 878 153 938 nisse
166 878 324 938 Romanae
342 878 462 942 virtutis
485 897 543 944 nec
565 899 622 958 pro
645 885 720 947 viris
735 887 850 949 ducere
863 891 948 965 regia
962 907 1046 954 men·

64 963 157 1036 cipia.
192 961 276 1024 haud
296 965 388 1038 paulo
412 965 531 1026 facilius
553 984 645 1042 quam
664 975 734 1030 anta
752 971 833 1032 duae
846 989 954 1048 unam,
977 982 1046 1035 tunc

63 1061 126 1106 una
141 1045 220 1106 diras
236 1062 331 1107 navas
348 1051 534 1124 expugnavit
549 1052 701 1127 cepitque.
724 1059 754 1112 et
768 1054 827 1114 iam
840 1057 957 1116 classes
969 1075 1045 1133 quo·

24 1155 25 1160 κ
62 1144 126 1205 que
149 1129 286 1205 undique
307 1139 537 1206 concurrerant,
559 1141 589 1196 et
609 1135 727 1210 passim
742 1137 900 1210 permixtis
917 1141 1046 1202 navibus

62 1211 268 1288 pugnabatur.
303 1214 472 1290 Eumenes,
503 1217 554 1292 qui
584 1224 762 1292 [extremus]
789 1223 954 1282 commisso
981 1239 1045 1284 cer·

61 1297 177 1357 tamine
191 1295 370 1371 advenerat,
391 1307 425 1359 ut
438 1300 650 1362 animadvertit
666 1303 786 1362 laevum
802 1319 898 1364 cornu
912 1305 1043 1371 hostium

62 1382 103 1440 ab
118 1379 205 1440 Livio
221 1381 388 1456 turbatum,
410 1383 550 1444 dextrum
565 1385 648 1459 ipse,
669 1385 722 1446 ubi
738 1400 837 1461 aequa
852 1404 955 1463 pugna
970 1397 1043 1461 erat,

61 1463 190 1525 invadit.
225 1463 315 1524 XLV.
347 1480 449 1540 neque
473 1467 516 1528 itu
534 1469 627 1528 multo
653 1474 726 1544 post
746 1470 875 1544 primum
897 1472 935 1531 ab
956 1475 1044 1534 laevo

63 1564 164 1608 cornu
183 1547 257 1622 iuga
276 1549 386 1624 coepit.
422 1547 630 1628 Polyxenidas
652 1553 731 1612 enim
747 1561 781 1614 ut
795 1553 904 1614 virtute
918 1553 1043 1616 militum

60 1631 148 1691 haud
169 1629 261 1690 dubie
281 1647 316 1691 se
338 1633 477 1706 superari
497 1633 587 1706 vidit,
610 1634 737 1696 sublatis
759 1637 923 1697 dolonibus
945 1637 1045 1700 effuse

61 1717 171 1790 fugere
190 1715 333 1784 intendit;
360 1731 433 1775 mox
454 1717 534 1776 idem
550 1724 580 1776 et
594 1718 646 1792 qui
661 1735 760 1794 prope
774 1726 885 1780 terram
900 1737 970 1782 cum
983 1722 1042 1782 Eu·

62 1813 154 1860 mene
169 1803 384 1859 contraxerant
398 1806 549 1860 certamen
564 1801 710 1862 iecerunt.
743 1802 874 1863 Romani
889 1811 919 1866 et
931 1803 1042 1864 Eume-

61 1899 137 1956 nes,
160 1882 264 1956 quoad
284 1883 427 1942 sulficere
446 1883 577 1958 remiges
599 1891 764 1959 potuerunt
783 1892 814 1946 et
833 1887 864 1944 in
886 1903 943 1960 spe
958 1895 1044 1948 erant

62 1965 192 2027 extremi
213 1965 341 2040 agminis
363 1966 509 2039 vexandi,
535 1966 610 2027 satis
631 1966 827 2042 pertinaciter
847 1968 945 2029 secuti
963 1977 1043 2030 sunt.

61 2056 230 2126 postquam
251 2049 405 2110 celeritate
425 2051 561 2124 navium,
587 2056 695 2126 utpote
715 2054 844 2128 levium,
865 2067 939 2116 suas
960 2069 1041 2114 coma

61 2140 167 2194 meatu
188 2141 315 2196 onustas
337 2133 418 2193 eludi
441 2135 554 2194 trustra
574 2136 726 2196 tendentis
743 2135 897 2210 viderunt,
919 2141 1042 2199 undem

62 2217 254 2290 abstiterunt,
269 2217 415 2276 tredecim
430 2215 528 2293 captis
543 2219 672 2280 navibus
685 2234 754 2280 cum
768 2221 860 2283 milite
871 2237 908 2282 ac
918 2221 1043 2297 remige,

63 2303 175 2360 decem
190 2299 350 2360 demersis.
382 2301 539 2362 Romanae
558 2301 667 2362 classis
683 2321 745 2364 una
758 2304 872 2366 Punica
886 2307 989 2380 navis,
1010 2307 1042 2366 in

62 2385 163 2460 primo
179 2383 343 2443 certamine
357 2383 395 2442 ab
412 2384 531 2444 duabus
547 2385 760 2456 circumventa,
777 2389 874 2461 periit.
910 2390 1040 2464 Polyxe-

62 2467 152 2528 nidas
173 2483 236 2527 uon
255 2465 340 2542 prius
360 2483 451 2540 quam
471 2466 502 2526 in
518 2473 609 2542 portu
622 2467 737 2543 Ephesi
751 2470 841 2544 fugae
855 2471 947 2529 finem
961 2471 1042 2530 iecit.

62 2549 193 2612 Romani
214 2565 252 2609 eo
268 2549 332 2622 die,
354 2551 437 2610 unde
451 2565 578 2624 egressa
593 2551 679 2624 regia
693 2553 803 2611 classis
818 2559 896 2623 erat,
921 2567 1042 2612 manse-

61 2641 149 2704 runt;
182 2640 308 2710 postero
330 2632 380 2694 die
400 2633 520 2694 hostem
539 2634 684 2708 persequi
705 2635 906 2694 intenderunt.
940 2635 1042 2694 medio

62 2721 128 2778 iere
150 2717 183 2778 in
204 2733 298 2778 cursu
318 2717 536 2777 obviaeiuere
556 2715 593 2776 iis
613 2716 753 2793 ,quinque
775 2723 805 2776 et
825 2717 930 2792 viginti
944 2725 1043 2778 tectae

61 2801 204 2863 Rhodiae
218 2815 314 2869 naves
330 2815 400 2861 cum
410 2799 598 2868 Pausistrato
614 2802 771 2876 praelecto
786 2801 905 2862 classis.
926 2801 974 2862 his
990 2802 1041 2861 ad·

62 2887 190 2957 iunctis,
217 2881 374 2960 Ephesum
394 2883 514 2944 hostem
536 2885 689 2960 persecuti
710 2890 780 2944 aute
801 2885 911 2946 ostium
933 2893 1042 2961 portus

62 2968 129 3028 acie
154 2969 304 3028 instructa
328 2975 485 3028 steterunt.
521 2973 685 3044 postquam
706 2969 934 3029 confessionem
952 2969 1042 3029 victis

63 3052 139 3112 satis
162 3058 399 3126 expresserunt,
418 3051 532 3112 Rhodii
553 3058 583 3111 et
599 3051 751 3112 Eumenes
774 3052 884 3113 domos
907 3053 1042 3120 dimissl;

60 3135 193 3196 Romani
208 3133 314 3196 Chium
335 3141 489 3210 petentes,
514 3135 751 3196 Phoenicuntem
772 3136 901 3210 primum
922 3142 1042 3210 portum

60 3219 251 3298 Erythraeae
265 3223 366 3278 terrae
381 3219 596 3293 praetervecti,
618 3224 709 3280 nocte
723 3217 846 3279 ancoris
862 3217 963 3290 iactis,
987 3235 1042 3292 po·

62 3311 147 3363 stero
173 3301 224 3362 die
248 3301 279 3360 in
304 3302 434 3362 insulam
458 3302 499 3362 ad
519 3301 619 3375 ipsam
639 3303 745 3362 urbem
767 3301 959 3361 traiecerunt.
989 3300 1042 3360 uhi

62 3401 183 3460 paucos
205 3385 271 3444 dies
292 3385 408 3459 remige
422 3385 553 3444 maxime
565 3384 733 3445 reficiendo
749 3385 856 3445 morati
869 3384 1043 3444 Phocaeam

60 3469 239 3530 tramittunt.
262 3467 303 3527 ibi
317 3469 431 3528 relictis
446 3469 485 3528 ad
500 3467 686 3544 praesidium
699 3467 785 3528 urbis
799 3475 941 3544 quattuor
954 3465 1042 3544 quin-

785 3555 839 3615 tl*
